3456 4734
324 319 351 396 4

271 472 379 556 tibus
404 483 502 554 tunc
520 467 715 582 temporis
733 467 776 550 in
802 466 932 551 insula
960 468 1304 551 commorantibus
1331 499 1421 579 ges·

276 595 422 683 serant,
431 582 627 694 varijsque
639 579 923 681 incommodis3
934 580 972 662 dc
985 579 1226 690 infortunijs,
1243 581 1421 664 maxima

274 721 415 779 eorum
430 721 521 806 pars
535 692 670 775 deleta
684 705 756 775 est
776 689 871 773 Pars
884 719 982 774 vero
994 691 1152 776 residua
1162 692 1423 775 incommoda

272 805 492 905 declinans,
518 804 667 916 partim
688 802 907 913 Scythiam,
932 802 1080 914 partim
1102 802 1289 887 Greciam
1309 804 1422 886 naui·

273 917 341 1028 gio
359 916 576 1029 petierunt
625 913 824 997 Ducentis
851 942 961 1025 ergo,
989 916 1026 997 dc
1054 914 1287 1025 quindecim
1305 916 1422 998 annis
1465 975 1467 980 -

272 1028 318 1117 N
318 1027 453 1110 emedi
480 1025 689 1138 generatio
718 1024 962 1109 Hiberniam
991 1026 1135 1128 tenuit,
1172 1025 1423 1115 &ducentis

274 1154 369 1252 post
386 1138 556 1220 modum
575 1166 699 1220 vacua
717 1137 804 1219 fuit
1257 1185 1259 1189 >

332 1247 516 1361 Tandem
529 1249 627 1380 quin
657 1278 708 1331 ue
720 1249 793 1330 viri
806 1247 1027 1350 clarissimi,
1047 1247 1244 1350 Gandius,
1260 1250 1424 1334 Genau-

275 1362 378 1462 dius,
399 1361 450 1444 Sa
501 1383 617 1461 uuus,
629 1279 907 1471 (liutheragus,
925 1361 962 1442 &
983 1360 1141 1445 Slanius
1154 1362 1336 1471 germani
1348 1362 1425 1444 fra·-

274 1488 356 1558 tres
374 1391 582 1582 fflijgqelae
609 1472 662 1556 de
689 1471 871 1583 predicta
898 1470 1078 1556 Nemedi
1105 1472 1354 1584 posteritate,
1381 1473 1424 1554 in

275 1583 518 1667 Hiberniam
546 1612 654 1667 anno
682 1583 825 1665 mundi
855 1589 973 1666 2535.
1004 1598 1216 1684 venerunt,
1251 1610 1423 1696 eamque

274 1696 359 1780 fere
386 1723 554 1778 vacuam
592 1695 861 1797 inuenientes,
897 1694 940 1776 in
974 1695 1153 1807 quinque
1191 1694 1423 1778 Prouincias

274 1808 510 1914 diuiserunt,
545 1833 649 1889 vnus
682 1806 851 1920 quisque
883 1835 997 1889 suam
1025 1806 1226 1918 accipiens
1253 1819 1423 1918 partem.

277 1919 468 2030 Quinque
487 1918 552 2001 isti
571 1919 710 2002 fratres
729 1918 771 2000 in
791 1917 909 2000 nouis
923 1918 1243 2029 possessionibus
1258 1947 1425 2000 concor-

274 2029 439 2113 dissime
475 2030 674 2140 aliquibus
707 2029 822 2112 annis
859 2029 1058 2112 vixerunt
1116 2030 1177 2113 At
1207 2044 1424 2159 postquam

274 2139 545 2252 multiplicati,
559 2142 596 2222 &
616 2141 863 2224 corroborati
878 2153 984 2241 sunt,
998 2170 1106 2224 caeca
1117 2141 1340 2226 ambitione
1351 2142 1433 2225 du*

274 2254 329 2336 cti
344 2267 553 2364 caeperunt
566 2252 672 2336 inter
686 2283 730 2336 se
741 2252 963 2364 digladiari,
979 2268 1102 2382 atque
1115 2254 1157 2335 in
1170 2253 1246 2335 hac
1261 2254 1426 2338 dimica-

274 2364 402 2464 tione,
430 2365 585 2449 caeteris
603 2365 751 2476 partim
769 2364 1094 2476 firgatis,part1m
1113 2364 1315 2467 extinctis,
1345 2366 1427 2449 Sla-

274 2477 365 2559 nius
377 2489 475 2559 natu
494 2477 700 2575 minimus,
717 2476 885 2559 victoria
903 2476 1104 2573 maximus
1123 2476 1262 2575 euasit,
1282 2478 1426 2560 totius·

230 2665 234 2671 .
274 2618 354 2700 que
373 2587 585 2671 Hiberniae
600 2588 760 2700 ¹potitus
779 2599 841 2670 est
858 2587 1049 2699 imperio:
1078 2588 1186 2673 vnde
1204 2589 1358 2699 primus
1377 2586 1425 2669 il-

273 2701 350 2783 lius
365 2714 484 2783 terrae
497 2699 589 2786 Rex
604 2699 848 2782 nominatur.
868 2699 934 2782 Ex
944 2698 1008 2780 his
1020 2698 1266 2799 fratribus&
1281 2726 1424 2783 eorum

265 2812 527 2899 ,successione
550 2839 702 2894 nouem
733 2810 867 2922 Reges
895 2825 1185 2912 successerunt,
1212 2812 1281 2922 qui
1310 2812 1423 2894 breui

248 2975 251 2980 -
275 2939 473 3037 tempore,
500 2924 664 3035 triginta
682 2921 838 3005 scilicet
856 2922 972 3005 annis
990 2935 1220 3034 regnarunt
1270 2921 1425 3005 Slanius

274 3036 317 3117 in
334 3051 475 3119 monte
495 3034 673 3146 quodam
692 3034 801 3147 apud
821 3031 1005 3117 Mediam
1023 3033 1245 3117 tumulatus
1264 3048 1337 3135 est,
1357 3035 1426 3147 qui

275 3149 326 3231 ab
346 3147 433 3231 eius
451 3147 621 3230 nomine
640 3173 793 3230 nomen
812 3146 981 3258 accepit,
999 3173 1118 3228 mons
1139 3144 1257 3227 Slani.
1278 3144 1426 3229 Deleta

275 3288 372 3371 ergo
384 3285 531 3369 magna
545 3273 725 3370 exparte,
741 3258 780 3339 'dc
791 3255 1000 3346 debilitata
1010 3272 1072 3341 est
1090 3257 1202 3341 natio
1221 3257 1310 3357 ista,
1329 3284 1424 3341 cum
1479 3303 1485 3314 2

274 3371 392 3482 varijs
417 3369 524 3453 inter
542 3399 586 3453 se
611 3368 879 3469 conflictibus,
906 3383 993 3451 tum
1016 3368 1196 3452 maxime
1225 3375 1276 3450 eo
1303 3368 1426 3471 bello,

274 3481 385 3592 quod
404 3510 498 3565 curn
517 3480 594 3565 alia
613 3480 787 3593 quadarn
807 3479 986 3563 Nemedi
999 3480 1249 3593 posteritate,
1269 3508 1360 3592 quae
1373 3479 1427 3563 de

272 3593 453 3705 partibus
470 3592 646 3705 Scythiae
660 3605 961 3706 superuenerat,
978 3592 1091 3704 graui
1105 3619 1199 3675 cum
1211 3591 1426 3702 dispendio

304 3718 454 3788 esserat
1288 3738 1296 3759 r

274 3735 302 3816 g
333 3815 521 3945 Denique
549 3815 789 3900 nobilissimi
817 3812 997 3928 quinque
1014 3814 1089 3898 viri
1107 3815 1261 3915 fratres,
1288 3811 1427 3896 &Mi-

274 3927 360 4038 lesij
368 3927 567 4039 Regrsfili‘
580 3929 621 4011 in
629 3928 837 4037 sexaginta
848 3929 1014 4012 nauium
1026 3925 1209 4010 classede
1217 3923 1427 4038 Hispaniae

273 4042 454 4154 partibus
474 4038 517 4122 in
584 4040 779 4127 'berniam
794 4052 999 4124 venerunt
1016 4066 1123 4127 anno
1141 4040 1191 4124 ab
1212 4038 1312 4123 orbe
1329 4070 1427 4233 (qon-

1358 4159 1428 4255 itu,
