3456 4734
392 328 447 406 28

336 481 513 565 duerunt
533 481 579 564 et
594 479 728 563 adhuc
756 475 943 560 student:
968 480 1096 580 ‘sacra
1123 485 1180 563 et'
1222 477 1404 588 rophana
1431 481 1531 563 m'is-

338 607 523 694 eaerum,
549 592 593 674 in
612 605 770 675 sanctas
789 587 1000 699 imagines,
1027 607 1070 674 et
1088 619 1152 674 res
1212 590 1268 672 ‘as
1296 619 1426 675 sacras
1449 593 1530 673 im·
1566 626 1569 632 ·

335 704 422 814 pias
455 731 599 786 manus
631 702 871 799 iniecerunt,
909 701 1064 784 nullam
1090 716 1242 785 certam
1275 701 1530 812 religionem,

336 815 491 896 nullam
509 816 668 898 firmam
687 813 812 897 fidem
832 826 1073 914 statuerunt,
1099 813 1172 896 sed
1189 812 1330 914 varias,
1348 829 1390 896 et
1405 815 1530 898 haere·

336 927 436 1009 ticas
455 943 584 1010 sectas
603 925 678 1007 sibi
698 924 892 1024 inuicem,
909 942 952 1008 et
970 954 1090 1027 verae,
1104 925 1323 1008 Catholicae
1335 955 1416 1037 que
1433 925 1531 1009 fidei

185 1082 190 1091 .
337 1039 556 1120 contrarias
603 1035 864 1133 induxerunt,
917 1037 1096 1120 maxime
1136 1052 1323 1148 tempore
1367 1037 1530 1119 illorum

339 1149 519 1260 quinque
546 1149 818 1259 posteriorum
840 1145 1003 1342 Reggm
1029 1148 1325 1245 hereticorum,
1351 1149 1420 1260 qui
1444 1149 1530 1231 fue·

338 1276 434 1342 runt
462 1259 665 1344 Henricus
686 1260 879 1358 Octauus,
966 1258 1112 1343 nardus
1134 1260 1291 1360 Sextus,
1314 1259 1533 1360 Elisabeta,

251 1369 257 1390 ¹
341 1370 527 1470 Iacobus,
544 1386 588 1455 et
609 1369 787 1453 Carolus.
1530 1442 1532 1447 .

397 1489 453 1564 32
481 1483 524 1565 N
526 1511 607 1566 unc
636 1509 799 1565 mecum
819 1510 907 1591 age,
938 1481 1149 1566 Catholice
1170 1481 1332 1566 Lector.
1355 1484 1531 1577 Quando

338 1594 482 1704 aliquis
510 1594 625 1678 alteri
654 1592 807 1703 aliquid
833 1593 1023 1676 concedit
1041 1597 1116 1675 sub
1136 1594 1282 1705 aliqua,
1300 1594 1366 1678 vel
1385 1594 1528 1705 aliqui·

338 1709 415 1789 bus
433 1706 568 1808 certis,
586 1705 783 1816 iustisque
801 1704 1118 1806 conditionibus,
1137 1706 1438 1789 interueniente
1457 1706 1530 1788 ali·

340 1845 422 1929 quo
441 1816 555 1900 licito
574 1832 797 1918 contractu,
821 1815 1043 1928 prasertim
1062 1845 1251 1917 oneroso,
1272 1837 1321 1900 et
1345 1818 1532 1899 nomina-
1579 1871 1583 1879 -

339 1947 396 2029 to,
408 1957 481 2012 seu
492 1929 849 2026 habentenomen,
862 1925 1007 2039 (qualis
1019 1944 1081 2010 est
1091 1933 1241 2037 eruptio,
1254 1932 1431 2028 corditio,
1439 1959 1532 2038 per-

337 2043 509 2139 mutatio,
528 2043 724 2140 cambium,
750 2052 933 2139 mutuum,
958 2041 1110 2142 locatio,
1127 2043 1339 2138 conductio,
1353 2043 1532 2150 feudum,

339 2153 600 2260 emphyteusis,
613 2153 697 2262 dc.)
712 2151 779 2233 vel
792 2151 1063 2252 innominato,
1081 2181 1154 2235 seu
1168 2181 1253 2234 uon
1268 2154 1445 2236 habente
1457 2180 1530 2233 no·

339 2291 438 2345 men
450 2261 638 2374 speciale,
650 2261 721 2345 sed
732 2262 969 2372 genericum
980 2265 1157 2374 tantum)
1171 2263 1301 2374 qualis
1313 2292 1401 2346 esse
1414 2265 1530 2362 solet,

340 2376 389 2454 do
402 2387 442 2458 vt
455 2377 532 2472 des,
546 2377 595 2455 do
609 2386 649 2457 vt
652 2377 802 2482 facias,
807 2376 926 2481 focio
937 2386 978 2456 ot
988 2376 1064 2475 dea,
1066 2377 1179 2484 socio
1192 2389 1231 2456 ot
1234 2378 1400 2487 focius.)
1430 2375 1474 2456 N
1475 2383 1529 2456 on

339 2515 394 2569 ne
409 2485 627 2570 deficiente
638 2485 772 2597 aliqua
785 2486 902 2586 iusta,
914 2499 957 2568 et
967 2485 1141 2570 honesta
1151 2486 1401 2587 conditione,
1411 2487 1475 2570 vel
1489 2517 1530 2568 a·

338 2596 516 2707 liquibus
545 2596 861 2698 conditionibus,
879 2597 1060 2681 maxime
1079 2614 1265 2710 exparte
1284 2599 1530 2710 recipientis,

234 2723 238 2748 '
339 2709 549 2790 concessio
561 2708 608 2790 fit
622 2709 745 2808 nulla,
765 2724 807 2791 et
826 2723 1056 2792 contractus
1070 2709 1324 2810 rescinditur,
1339 2710 1404 2794 vel
1418 2713 1529 2792 certe

335 2820 528 2920 rescindi,
543 2819 754 2920 annullari,
765 2835 815 2904 et
833 2820 979 2902 cassari
997 2836 1135 2932 potest
1150 2826 1163 2904 ἓ
1191 2821 1253 2904 Ita
1268 2821 1377 2920 sane,
1392 2825 1529 2932 sicque

333 2930 707 3042 -omnesTheologi,
721 2931 994 3042 etIurisperiti
1006 2934 1189 3016 unanimi
1202 2961 1404 3016 consensu
1416 2961 1528 3015 com·-

339 3041 693 3126 muniterdocent
708 3077 717 3124 :
734 3042 819 3127 sed
839 3042 978 3126 sicest
1024 3044 1107 3127 uod
1129 3044 1318 3127 Summus
1339 3042 1529 3126 Pontifex

341 3153 547 3236 Adrianus
569 3154 744 3247 Quartus
773 3153 974 3238 concessit
995 3073 1054 3262 (isi
1072 3184 1214 3239 verum
1233 3172 1296 3240 est
1315 3156 1425 3267 quod
1442 3159 1530 3236 Au-

366 3264 396 3347 li
411 3264 683 3376 contendunt)
699 3264 930 3348 dominium
946 3264 1160 3350 Hiberniae
1176 3266 1359 3351 Henrico
1378 3267 1529 3350 Secun-

339 3294 395 3457 do
425 3375 531 3488 Regi
561 3376 721 3486 Angliae
746 3393 789 3462 et
807 3377 894 3460 eius
912 3379 1210 3462 successoribus
1230 3379 1426 3490 Regibus
1454 3381 1528 3460 sub

334 3488 474 3589 certis,
487 3489 751 3600 honestisque
770 3489 1073 3574 conditionibus
1093 3492 1397 3602 suprapositis:
1431 3517 1528 3600 ergo

329 3599 375 3680 -si
395 3597 538 3709 aliquis
558 3599 707 3682 axillis
728 3600 911 3710 Regibus
943 3600 1121 3685 noluerit
1135 3602 1370 3729 'adimplere
1400 3600 1527 3683 dictas

329 3708 615 3813 conditiones,
632 3741 709 3794 nec
729 3715 834 3795 stare
851 3711 1073 3823 promissis,
1102 3726 1144 3797 et
1161 3729 1303 3825 pactis,
1320 3712 1411 3796 talis
1431 3740 1528 3795 con-

331 3837 488 3904 nactus
503 3822 739 3925 eritnullus,
751 3842 793 3907 et
804 3823 986 3927 rescisus,
998 3823 1064 3906 vel
1075 3823 1376 3907 rescindendus.
1408 3821 1527 3904 Max-

339 3932 429 4014 ime,
441 3932 605 4043 quando
624 3935 768 4045 aliquis
785 3936 974 4017 Summus
989 3933 1180 4019 Pontifex
1196 3933 1366 4018 Adriani
1384 3932 1526 4027 Quarti

209 4113 213 4122 .
339 4044 1190 4157 uccessor,etpopuliHiberniaevoluerint,
1200 4045 1401 4158 frangenti
1401 4044 1525 4238 f{grim

650 4206 653 4214 ·
1293 4213 1295 4217 ν
1459 4181 1525 4239 em
