1054 1258
775 71 802 90 83

234 109 371 137 improbitate,
385 116 408 129 ac
417 108 502 136 perfidia
511 108 601 136 insigniS,
615 111 636 128 et
645 108 728 129 auaritia
741 108 827 129 infamis.

233 137 289 157 Nam
299 137 390 165 pluribus
405 137 502 157 thesauris
517 143 553 163 per
567 136 658 156 fraudem
673 136 749 164 potitus
764 144 829 157 nouas

233 165 378 185 coaceruandae
387 165 480 192 pecuuiae
490 164 613 191 excogitauit
623 164 669 184 vias.
699 164 828 192 Quicumque

233 193 244 213 ἑ
255 193 311 213 tenui
326 200 348 213 re
362 193 388 213 ad
402 199 485 220 magnas
499 199 549 220 opes
556 192 717 240 fperuenissent;
731 192 769 213 hos
782 193 828 213 the-

233 228 302 241 sauros
317 221 418 241 inuenisse
433 220 541 240 criminans
564 220 641 240 ortunis
657 220 751 240 omnibus
766 228 828 241 exue-

233 249 272 268 bat.
301 248 357 268 Dum
370 256 418 276 ergo
428 248 462 268 ille
472 248 542 268 vrbem
556 247 642 275 Regiam
656 248 687 268 his
702 248 776 268 artibus
791 256 828 276 po-

232 276 345 303 pulabatur,
361 275 453 296 Saraceni
463 275 549 303 reliquas
560 276 623 300 Asiae,
637 279 658 296 et
669 276 749 303 Bulgari
764 276 827 296 Thra-

233 304 282 324 siam
301 304 466 331 populationibus
487 311 560 324 vexare
583 308 693 331 caeperunt
723 304 827 331 Nicepho-

232 339 265 352 rus
276 339 347 359 pacem
358 333 369 352 a
380 331 483 352 Saracenis
493 338 541 351 auro
551 331 644 356 redemit,
659 335 680 352 et
694 331 714 351 in
730 331 826 359 Bulgaros

233 360 345 380 exercitum
353 359 417 384 duxit,
424 359 522 384 conflixit,
530 363 551 379 et
558 359 622 379 victos
631 359 699 379 castris
707 360 770 380 exuit.
787 359 827 380 sed

233 388 331 408 victorem
341 388 436 408 securitas
446 387 499 407 vicit.
515 387 570 407 Nam
580 387 607 407 ob
621 394 664 407 rem
679 388 732 408 bene
748 391 826 415 gestam

232 415 313 435 inflatus
328 416 437 443 imperator
456 422 528 435 omnes
547 414 674 435 conditiones
692 415 747 443 pacis
763 415 827 435 hosti-

232 444 269 463 bus
294 443 381 470 negauit.
411 443 478 466 Quare
503 442 589 463 Crumus
613 442 745 470 Bulgarorum
771 442 827 468 Dux,

232 471 374 498 desperatione
384 471 488 491 audaciam
498 470 615 490 stimulante
629 475 691 490 noctu
708 478 734 491 ex
751 471 827 498 impro-

233 499 276 519 uiso
292 503 356 519 castra
373 499 492 519 Graecorum
509 498 631 525 aggreditur,
645 502 666 518 et
683 505 756 526 magna
772 499 827 519 edita

232 527 312 547 illorum
323 530 395 553 strage,
409 526 550 554 Nicephorum
558 526 624 554 ipsum
632 526 745 551 obtruncat,
755 530 776 547 et
783 527 826 547 eius

233 559 293 582 caput
303 555 366 582 stipiti
376 554 461 574 infixum
472 554 507 574 diu
520 554 641 582 spectacu10‚
655 559 676 574 et
685 554 772 574 ludibrio
782 555 827 575 bar-

232 583 284 602 baris
295 582 336 602 fuit.
354 582 506 605 Documentum
518 582 543 602 ad
557 586 649 609 posteros
665 582 762 609 effugium
777 582 826 602 hos-

232 611 285 631 tibus
295 610 347 631 vltro
357 610 495 638 aperiendum.

261 638 292 658 De
313 638 469 666 imperatoribus
488 637 611 665 scripserunt
630 638 689 658 Caius
712 638 826 663 Suetonius,

233 666 338 687 Cornelius
348 666 446 691 a‘l'acitus,
469 665 566 685 Horatius
585 665 715 690 Fuwzdlinus,
740 666 826 686 Ioannes

233 694 323 721 Baptista
333 694 437 721 Egnatius,
452 693 469 714 F
470 693 569 714 ranciscus
580 693 686 718 Thamara,
700 697 721 714 et
730 694 762 721 aiij
774 694 826 714 mul-

233 723 254 747 ti,
269 729 294 742 ex
310 722 382 749 quibus
399 729 436 742 nos
455 721 569 749 supradicta
588 721 682 749 exempla
697 722 825 749 sumpsimus,

233 750 254 770 N
256 757 295 770 unc
305 750 330 769 ad
341 749 413 777 Reges.

260 779 287 798 85
307 777 351 797 Itali
361 777 437 797 multos
447 776 550 804 Principes
561 776 634 804 Regno
643 777 753 804 priuarunt.
766 777 827 797 Nunc

204 804 209 810 '
233 805 291 826 nobis
301 812 338 833 pro
353 805 449 833 exemplo
463 804 536 825 sufficit
550 812 608 830 vnus‚
622 812 683 832 quem
700 805 757 826 Deus
772 805 827 832 Reg-

233 841 267 858 no,
276 837 297 853 et
303 833 344 853 vita
351 833 443 860 priuauit.
460 832 501 853 Iste
509 832 547 853 fuit
553 832 693 853 Theudoricus
702 832 748 853 Rex
756 833 828 857 Italiae.

233 866 253 882 et
264 861 370 881 haereticus
385 861 489 885 Arrianus,
503 861 538 888 qui
554 860 682 888 Symachum,
696 864 717 881 et
732 861 827 881 Boetium

233 890 286 909 viros
304 888 426 914 Catholicos,
440 893 461 909 et
480 888 601 913 consulares,
615 895 638 908 ac
654 889 758 916 sapientiae
774 888 827 909 fama

233 917 325 941 illustres,
331 916 419 944 primum
426 916 494 941 exilio,
500 916 618 937 indemorte
623 916 721 936 multauit.
728 916 827 937 Ioannem

234 946 340 965 Summum
354 944 474 964 Pontificem
491 948 590 971 perpetuo
607 951 686 964 carcere
703 949 827 965 maceratum

233 972 327 997 extinxit,
341 976 362 992 et
371 972 447 992 multos
456 971 506 992 alios
515 971 589 992 iniuste
599 972 660 992 morti
670 972 757 992 tradidit.
787 972 828 993 Ve-

233 1007 278 1021 rum
288 1007 326 1021 nec
336 1007 386 1025 sera,
400 1007 438 1021 nec
448 1000 533 1020 obscura
542 999 628 1020 caelestis
638 999 667 1020 ira
676 999 773 1020 Numinis
783 1000 826 1020 fuit.

744 1028 829 1049 Caennn-
