1054 1258
777 36 804 50 Ζ.)

236 70 340 97 sacrilegas
350 77 413 97 vsque
423 70 448 90 ad
458 73 546 90 mortem
557 70 584 89 im
601 69 690 96 ugnauit·
716 68 774 89 Circa
783 69 830 89 istas

236 98 332 118 nefandas
342 98 403 125 leges,
416 97 479 118 videri
489 101 574 125 possunt
585 109 592 117 r
609 97 686 117 athaeus
697 96 751 117 Paris
761 97 781 117 in
790 96 831 116 his-

235 125 286 145 toria
301 126 415 152 Anglicana
429 125 502 153 pagina
516 127 549 146 96.
560 129 581 146 et
595 126 627 146 97.
639 124 709 145 Petrus
725 124 751 145 de
767 124 829 144 Riba-

236 153 318 173 deneira
331 153 352 173 in
367 154 408 174 vita
423 153 489 174 Sancti
499 153 586 173 Thomae
597 152 752 173 Cantuariensis.
782 152 830 172 Ber-

235 181 309 201 nardus
326 181 352 201 de
368 181 433 202 Britto
450 181 470 201 in
487 181 588 201 Chronica
605 180 738 201 Cisternensis
754 180 829 200 ordinis

234 209 300 235 prii-na
309 212 358 236 part.
366 209 400 229 lib.
411 211 429 229 6.
438 216 481 236 cap.
489 210 508 230 5.
519 213 540 229 et
551 209 591 236 alij.
603 209 623 229 Si
633 208 681 228 alias
691 208 791 228 ciuiliores
801 207 829 228 le-

235 244 271 263 ges
286 237 374 261 volebat,
389 237 427 257 illis
442 244 483 257 non
499 237 645 264 indigebamus,
658 243 704 256 cum
715 236 773 256 nobis
783 243 829 263 sup-

235 268 329 291 peterent
346 264 446 290 meliores,
460 264 493 285 vel
510 265 565 285 certe
579 264 701 284 sufficientes
718 264 739 283 in
756 264 829 291 Regno

234 297 309 312 nostro.
333 292 365 312 Ex
375 292 447 320 quibus
457 296 514 320 patet
525 292 603 320 Regem
614 292 729 312 Henricum
739 292 828 312 narrasse

234 319 313 344 fialsum,
322 324 343 340 et
353 327 423 341 verum
433 320 525 345 tacuisse,
536 328 559 340 ac
568 327 733 348 perconsequens
742 319 809 340 literas
818 320 829 339 ἃ

235 347 334 368 Pontifice
344 348 437 369 obtentas
450 348 511 369 fuisse
527 348 662 375 subreptitias,
671 351 692 368 et
706 347 780 367 nullius
795 354 829 367 va-

234 375 288 400 loriS,
297 380 318 396 et
327 376 428 396 momenti
440 376 465 396 ad
477 376 514 401 ius,
523 376 555 396 vel
566 375 681 396 dominium
692 375 774 402 aliquod
785 375 829 395 An-

234 403 272 430 glis
288 403 378 431 Regibus
393 404 413 424 in
432 404 553 424 Hiberniam
565 403 719 424 conferendum:
733 403 786 423 vnde
798 410 829 423 se-

233 431 299 451 cunda
307 432 395 452 obiectio
401 432 452 452 nihil
458 431 567 452 concludit.
579 431 666 451 Accedit
671 431 726 458 quod
733 431 828 451 Summus

234 458 329 479 Pontifex
339 467 380 479 non
391 459 449 484 solet,
459 467 497 480 nec
506 463 575 487 potest
575 459 661 507 1friuare
671 459 749 486 aliquos
760 458 792 479 Re
806 466 828 479 es

235 487 351 507 catholicos
361 487 401 507 suis
412 487 489 515 Regnis
502 487 572 508 traden
589 495 601 507 o
612 487 646 507 illa
655 486 704 514 alijs.
733 486 793 507 Ponti
802 494 828 507 ex

234 515 289 534 enim
300 522 341 535 non
352 519 382 535 est
390 515 485 535 dominus
494 515 612 543 temporalis
622 514 749 542 Regnorum,
756 519 778 535 vt
785 522 828 535 me-

234 542 278 567 lior,
288 546 308 562 et
318 543 447 563 communior
459 543 618 571 Theologorum,
633 547 654 563 et
664 542 827 570 Iurisperitorum

235 570 336 591 sententia
345 571 411 591 docet.
427 570 480 591 Vide
489 571 630 591 Ballamninum
636 573 679 591 tom.
693 572 709 591 l.
719 574 828 591 controuer-

233 599 304 618 siarum
312 599 342 619 liln.
351 600 369 619 5,
377 600 400 619 de
407 599 494 619 Romano
503 599 596 625 Ponlffice
603 606 645 625 cap.
653 600 671 618 2.
680 601 698 618 et
704 599 826 626 sequentibus.

235 626 305 646 Soarez
312 627 332 646 z'n
338 630 381 648 lom.
387 627 411 647 de
416 627 489 654 legibus
494 627 525 647 lib.
529 629 545 648 3.
551 635 592 654 cap.
597 629 615 648 6.
619 629 636 647 et
643 627 663 647 in
669 627 827 654 dffensionefidei

234 657 300 674 contra
306 662 379 675 errores
386 656 445 675 Sectae
449 656 562 682 Anglicanae
567 656 620 676 lih.3.
627 656 692 682 cap.5.
699 655 796 675 etMolimi
802 658 826 675 to.

236 684 252 701 1.
260 682 284 702 de
290 683 372 707 Iustitia,
379 683 426 710 disp.
434 684 466 703 29.
478 683 598 706 Quimultos
604 682 654 703 alios
659 682 754 703 referunt.
766 683 827 706 Quod

234 710 250 730 si
260 710 321 738 aliqui
333 711 411 731 Summi
421 710 530 732 Pontifices
537 711 558 731 in
565 711 665 738 aliquibus
672 710 751 731 casibus
759 710 826 738 Reges

234 738 311 765 aliquos
321 738 466 766 deposuerunt,
475 739 504 759 vs'i
514 743 562 759 sunt
571 746 606 759 sua
614 738 718 766 spirituali,
727 742 748 759 et
758 746 781 759 su
797 745 827 758 re-

234 772 267 785 ma
277 770 378 793 potestate
388 766 470 792 directa,
480 771 501 787 et
510 766 610 787 indirecte
622 766 736 794 temporali,
748 767 775 787 ob
799 773 827 786 ae-

234 801 295 818 reses,
307 794 340 814 vel
357 794 395 814 alia
407 794 492 815 crimina
505 795 624 822 grauissima
637 798 715 822 patrata
728 795 740 814 ὃ,
753 794 826 814 talibus

236 821 331 849 Regibus.
349 822 430 843 Deinde
439 822 543 850 interrogo
554 822 640 854 Anglos,
649 829 674 842 an
683 822 785 843 Henricus
792 822 827 842 ille

235 849 334 869 secundus
341 850 441 877 acceperit
449 850 570 871 Hiberniam
578 850 622 875 srbi,
632 854 653 871 et
660 850 808 871 successoribus
816 850 827 870 ὲ

235 876 331 897 Romano
339 877 438 898 Pontifice
445 878 489 899 iure
496 878 577 903 feudali,
584 885 622 899 nec
629 885 656 898 ne
664 879 671 898 ?
686 878 705 898 Si
713 882 795 905 negant,
801 878 827 898 ad

235 905 283 931 quid
300 912 323 925 ro
328 913 349 926 se
354 905 494 926 citantbullam
498 906 552 926 illam
557 906 586 927 ?Si
591 905 696 926 affirmant.
700 905 754 933 Ergo
758 905 826 933 Reges

237 934 284 960 Aug
293 933 315 953 ise
322 938 368 954 sunt
374 933 508 961 feudatarij,et
514 933 826 959 vassalliSummiPontificis‚cu-

236 960 265 980 ius
275 965 397 988 potestatem
408 961 433 982 ad
444 961 590 983 conferendum
601 961 696 989 Regnum
707 965 826 993 agnoscunt,

511 997 525 1010 n
774 993 795 1010 et
804 997 825 1010 in
