1054 1258
774 71 801 90 89

264 108 309 129 Rex
320 108 427 134 Hernicus,
441 111 462 129 et
471 107 551 136 Regina
561 108 668 129 Catharina
677 108 698 129 in
708 112 777 129 sancto
785 116 827 130 ma,-

236 137 332 157 trimonio
342 138 374 157 20.
384 136 442 157 annis
451 136 550 157 vixerunt.
580 136 689 157 Grassante
703 136 827 158 Lutheranoe

236 165 317 185 haeresis
326 164 427 189 incendio,
437 163 538 185 Henricus
548 164 648 185 catholico
657 164 703 185 zelo
713 169 826 186 commotus

236 193 321 220 scripsit,
334 192 366 213 vel
376 192 462 213 scribere
471 191 520 212 fecit
529 192 587 212 vaide
596 192 686 218 doctum,
696 196 717 213 et
724 192 825 213 eruditum

234 221 308 241 librum
322 220 348 241 de
362 224 440 248 septem
455 220 552 240 Ecciesiae
567 220 677 240 Catholicae
693 220 825 241 Sacramentis

236 253 306 269 contra
315 248 435 273 Lutherum,
449 251 470 268 et
479 247 529 268 alios
538 248 650 272 haereticos,
665 248 699 276 qui
714 248 826 269 eorundem

235 281 406 297 sacramentorum
415 283 529 301 numerum,
543 280 565 296 et
572 275 680 296 efficaciam
690 276 782 297 minuere
791 284 827 297 vo-

235 305 308 326 lebant.
325 304 400 331 (Huius
409 307 478 324 tamen
488 303 533 324 libri
543 303 621 328 author,
635 304 667 324 vel
677 304 756 324 adiutor
763 304 827 325 credi-

234 337 267 353 tur
286 332 372 353 Ioannes
391 332 506 359 Episcopus
526 331 627 352 Roffensis
645 332 675 352 vir
691 332 826 357 doctissimus,

236 360 314 387 Martyr
323 360 416 387 inclytus,
430 363 451 380 et
462 359 571 380 Cardinalis
581 359 767 387 eminentissimus.)
794 360 826 380 Ob

236 388 290 416 quod
301 388 435 412 Cafflolicum,
449 391 470 408 et
480 388 536 415 pium
546 387 666 420 obsequium
677 387 721 408 Leo
736 387 762 408 X.
773 395 827 408 sum-

235 423 280 436 mus
290 416 387 436 Ecclesiae
398 415 472 435 Praesul
482 415 564 436 titulum
574 415 685 436 defensoris
695 415 753 436 Fidei
770 416 827 436 Hen-

235 444 276 464 rico
286 444 378 469 contulit,
393 443 476 470 (Leonis
487 443 590 464 Pontificis
601 443 658 464 Bulla
672 443 698 464 de
713 443 750 464 hac
760 451 782 464 re
792 451 826 464 ex-

235 472 303 500 pedita
312 479 366 492 anno
382 473 441 496 1521,
455 475 511 492 extat
525 471 578 499 apud
594 471 705 492 Sanderum
719 471 753 492 lib.
769 473 784 492 l.
800 472 826 492 de

236 500 347 520 Schismate
359 499 471 527 Anglicano
481 506 525 527 pag.
536 499 590 527 225.)
602 506 662 527 quem
671 506 719 520 sane
726 499 826 520 honorem

235 528 284 555 ipse,
298 531 319 548 et
328 534 452 548 successores
462 527 529 554 Reges
539 527 582 547 iure
591 527 670 554 optimo
680 527 717 547 sibi
730 534 827 548 conserua

234 563 256 576 re
266 559 366 583 poterant,
375 555 391 575 si
401 555 477 576 vellent
486 555 507 575 in
517 553 568 575 Fide
579 555 683 575 Catholica
691 562 826 582 perseuerare.

236 584 288 604 Cum
302 587 371 604 tamen
385 583 504 610 religionem
519 582 654 603 orthodoxam
668 583 753 610 turpiter
769 583 827 604 deser

235 611 307 637 uerin't‚
317 615 338 632 et
347 611 433 632 haereses
443 611 532 639 amplexi
542 610 623 636 fuerint,
635 611 719 631 omnino
731 611 825 639 indignos

235 644 276 660 tam
287 640 378 667 specioso
388 639 447 660 titulo
458 646 479 660 se
493 639 629 660 reddiderunt⁴
645 639 705 660 Vnde
719 638 758 659 hoc
774 643 827 660 tem-

233 675 283 715 porie
293 675 334 688 non
344 667 466 692 defensores,
480 667 516 688 sed
526 667 636 688 offensores
645 666 693 688 fidei
708 667 781 688 merito
796 667 826 688 di-

235 696 253 716 ci
278 696 345 716 ebent.

262 723 301 744 Sed
311 724 349 744 iste
358 726 432 749 tantus,
442 731 465 744 ac
475 723 519 744 talis
528 723 559 744 vir
567 723 668 744 Henricus
675 726 745 751 postea
752 723 773 743 in
781 730 826 744 om-

233 759 269 772 nes
279 751 374 772 vitiorum
383 751 471 779 gurgites
481 751 562 772 incidit:
577 751 640 771 tribus
650 754 726 776 tamen,
735 751 767 772 vel
777 758 826 779 quae

233 784 285 804 tuor,
299 787 341 807 prae
349 779 426 800 caeteris
433 779 492 804 viti's,
502 779 630 804 obruebatur,
639 778 730 804 libidine,
740 779 825 800 ebrieta-

232 811 259 832 te,
273 807 361 832 auaritia,
375 811 396 828 et
405 787 530 832 crudeiitate,
544 811 565 828 et
573 807 666 835 profecto
673 806 714 827 duo
721 806 788 834 priora
795 807 825 827 vi-

233 835 261 855 tia
280 835 397 856 dementare
414 835 481 856 solent
497 835 591 855 homines
612 835 701 862 alioquin
718 835 825 862 sapientes,

233 863 288 883 iuxta
297 863 382 884 verbum
392 863 432 883 Dei
442 863 577 884 Ecclesiastici
584 870 627 890 cap.
635 864 665 883 19.
678 863 750 887 Vinum,
760 866 778 883 el
783 870 824 882 mu-

232 892 287 911 lieres
294 891 483 918 apostatarefaciunt
489 892 571 911 homines
577 891 676 918 sapientes,
684 893 701 911 et
706 894 787 918 arguent
791 897 824 911 sen

232 922 289 939 satos:
296 922 314 939 et
321 920 353 946 qui
360 919 447 946 seiungit
453 919 568 946 fornicanjs,
575 919 611 939 erit
616 925 703 945 nequam,
710 919 742 945 ᾀτ.
749 922 771 938 vt
777 918 824 938 huic

233 946 370 967 infelicissimo
381 946 433 974 Regi
443 947 520 967 accidit.
551 947 582 967 De
597 946 682 967 Henrici
696 946 749 973 vitijs
764 946 823 966 multi

233 975 297 996 multa
306 975 383 1000 dicunt,
397 978 418 995 et
428 975 523 999 scribunt,
537 981 576 1002 ego
585 979 654 995 tamen
683 981 732 994 auca
746 974 779 994 hic
793 974 823 994 di-

233 1010 283 1024 cam.
299 1002 355 1024 Illius
364 1009 413 1030 ergo
422 1002 485 1023 libido
495 1002 658 1051 ndeffffraeneta
673 1002 709 1028 uit,
717 1005 739 1023 vt
745 1009 770 1023 eo
778 1002 824 1029 ipso

773 1033 825 1050 tem-
