1054 1258
775 71 801 90 253

236 110 306 131 habuit
316 109 422 134 Hibernia,
430 109 475 134 illis,
484 109 519 137 qui
529 116 554 130 ex
565 109 640 137 Anglia
649 109 719 130 venire
726 113 827 137 poterant,

236 145 274 159 nec
282 138 307 158 de
315 138 368 158 facto
378 137 439 165 aliqui
449 141 549 158 venerunt
558 137 583 157 ad
593 137 751 165 praedicandum,
761 141 782 158 et
791 137 828 157 do-

236 166 331 186 cendum:
343 165 391 186 licet
415 169 472 186 ostea
481 165 542 192 aliqui
552 169 680 186 accesserunt
689 172 731 185 non
741 165 767 185 ad
792 172 828 185 rae-

236 194 352 218 dicandum,
370 201 392 214 se
420 193 446 214 ad
479 193 547 220 inguia
562 193 661 213 beneficia
675 193 769 221 possiden
787 201 828 217 um,

236 229 261 242 ex
272 222 344 249 quihus
354 229 405 242 vnus
412 221 450 242 fuit
457 200 571 241 Richardus
579 220 699 249 Radulphus
709 228 735 241 ex
744 221 827 241 Cancel-

236 250 285 270 lario
300 249 411 270 Oxoniensi
426 249 447 269 in
461 248 537 276 Anglia
548 252 653 280 promotus
670 248 695 269 ad
709 248 827 276 Archiepis-

236 281 331 305 copaturn
346 277 505 301 Armachanum,
519 284 553 304 qui
566 276 649 297 fortasse
661 276 706 304 plus
717 276 827 297 Catholicis

235 305 351 325 hominibus
365 305 436 325 nocuit
447 311 508 332 quam
522 304 599 332 profuit
610 304 650 325 suis
663 305 741 332 scriptis
751 305 771 324 in
783 305 827 332 qui—

235 334 271 353 bus
286 333 345 353 multi
359 333 487 361 reperiuntur
500 339 580 353 errores
589 336 660 353 contra
669 339 745 357 sanam,
758 337 779 353 et
790 332 826 353 Ca-

234 361 330 381 tholicam
337 360 457 386 doctrinam,
463 361 489 381 de
495 360 567 388 quibus
573 364 660 380 tractant
668 360 771 380 Antonius
779 360 826 380 Pos-

235 388 316 409 seuinus
325 392 373 409 tomo
383 390 401 409 3.
410 391 516 416 apparatus
522 389 572 408 sacri
576 395 626 415 pag.
632 390 676 409 181.
682 389 738 408 litera
743 389 768 408 R.
776 388 827 408 Tho-

234 424 273 437 mas
285 417 393 437 Vvaldemis
399 420 442 437 lom-
450 418 490 437 2-et
496 418 514 437 3.
518 416 645 436 Bellarminus
651 417 671 436 in
677 417 708 436 lib.
712 416 736 436 de
742 417 826 443 Scripto—

234 445 284 465 ribus
290 445 433 469 Ecclesiasticis,
438 445 481 465 etin
487 447 536 464 tomo
544 445 561 464 1·
568 445 738 464 controuersiarum
744 444 795 464 mma
803 445 826 464 de

235 473 336 493 Monachis
345 480 387 499 cap·
395 473 428 493 45,
439 476 460 493 et
469 473 501 493 46.
514 471 553 492 Sed
566 475 636 492 contra
660 472 715 492 riscis
726 472 764 492 illis
774 475 826 492 tem-

235 501 317 528 poribus
329 500 433 528 Episcopi,
444 504 465 520 et
479 499 622 528 praedicntores
653 500 717 520 ibet-ni
729 500 825 527 Angliarn

234 528 319 556 ingressi
331 532 384 553 sunt,
398 532 419 548 et
428 528 491 548 fidem
501 527 528 548 ibi
539 527 705 555 praedicauerunt,
715 532 736 548 et
746 528 825 555 Anglos

233 556 352 581 docuerunt,
360 560 381 576 et
390 555 415 576 ad
422 555 483 576 fidem
492 555 628 576 orthodoxam
636 560 746 576 traxerunt.
770 556 826 583 Lege

233 584 308 604 Bedam
315 587 363 604 tomo
369 586 466 604 308uorum
474 591 551 611 operum
555 584 575 603 in
581 584 765 604 librisEcclesiaticoe
769 585 826 605 histo-

232 612 266 632 riae
272 612 450 639 gentisAnglwum,
455 615 473 632 et
481 612 584 632 Dominum
588 612 826 639 PhilippumSuIleuanum

233 641 253 660 in
263 641 377 667 Compendio
384 640 467 660 historiae
477 640 579 660 Catholicae
586 643 635 660 tomo
643 641 661 660 2.
668 641 717 660 libro
725 642 742 660 1.
753 648 795 667 cap⁴
809 642 824 660 1.

233 671 251 687 et
260 669 307 688 libro
319 670 335 688 l.
345 669 369 688 de
378 669 418 688 vita
432 668 497 689 Sancti
509 668 592 695 Patr-inii
606 669 664 695 capit.
674 669 693 688 5·
703 668 754 695 fhlio
764 670 797 689 66.
808 672 825 688 et

233 697 355 723 sequentibus.
394 695 474 716 Deinde
494 695 522 716 illi
543 696 614 723 populi
636 703 678 716 non
702 700 759 716 erant
782 700 825 717 tam

233 724 316 749 indocti,
326 728 347 745 et
356 723 422 749 rudes,
432 727 454 744 vt
463 723 578 751 indigerent
588 724 647 744 nouis
657 731 682 744 ex
693 724 769 751 Anglia
779 723 825 744 Ma-

232 752 305 778 gistris,
317 759 403 779 quorum
418 752 494 772 idioma
509 758 550 773 non
567 751 704 779 intelligerent
717 752 743 772 ad
753 753 825 772 verita-

232 784 274 800 tem
291 779 339 800 fidei
359 779 469 800 Catholicae
488 779 648 807 percipiendam,
666 786 713 800 cum
730 780 825 800 meliores

233 806 341 834 Magistros
365 807 483 828 vernaculos
506 807 563 827 domi
581 807 686 828 haberent.
721 808 825 828 Extabant

231 835 287 855 enim
296 840 345 856 tunc
355 835 376 856 in
386 835 486 856 Hibernia
495 837 529 860 34,
543 835 575 856 vel
585 837 617 856 35.
628 835 763 864 Episcopatus
777 843 824 856 curn

231 863 317 883 totidem
328 863 441 891 Episcopis,
464 870 537 883 uorum
546 867 633 890 quatuor
640 868 697 884 erant
707 863 784 884 Arclrie
799 863 825 883 is-

231 891 284 918 copi,
292 891 439 916 Armachanus,
471 891 587 916 ublinensis,
598 891 734 916 Cassellensis,
743 896 764 912 et
791 898 824 911 ua-

231 919 312 940 mensis.
328 918 389 940 Multi
404 919 524 940 Sacerdotes
531 919 641 944 saeculares,
655 923 676 940 et
685 919 786 951 regulares
794 919 824 939 di-

231 953 336 967 uersorum
346 946 441 967 ordinum
449 947 595 974 religiosorum·
613 947 646 968 De
654 947 825 975 Archrepiscopa-

231 974 291 999 tibus,
301 979 322 995 et
329 975 406 996 caeteris
414 974 570 1002 Episcopatibus
584 974 652 1002 Regni
667 975 773 996 Hiberniae
783 974 824 995 late

231 1002 300 1023 scribit
311 1003 413 1024 Aubertus
423 1001 504 1023 Miraeus
514 1002 651 1023 Bruxellensis
661 1003 681 1023 in
690 1010 759 1031 opere,
769 1003 824 1030 quod

754 1037 823 1051 inscrl-
