1054 1258
780 63 806 82 95

249 100 294 120 lebe
302 99 344 121 fere
350 100 457 121 innumeri.
468 100 513 121 Nec
520 100 605 121 faeminis
613 101 708 128 pepercit.
720 100 774 121 Nam
781 109 828 122 cum

258 128 338 148 enricus
348 136 383 149 sex
393 135 466 149 vxores
475 128 565 153 haberet,
581 132 602 149 et
616 129 684 156 plures
701 129 829 155 concubinas,

235 163 307 176 omnes
318 156 359 177 fere
369 156 449 180 occidit,
464 156 495 176 vel
506 156 624 184 repudiauit.
641 157 708 177 Prima
718 164 769 177 vxor
779 157 829 185 legi-

234 184 284 205 tima
300 184 338 205 fuit
354 184 480 205 serenissima
497 184 576 212 Regina
590 184 697 205 Catharina
710 192 770 212 quam
785 185 829 213 ipse

233 212 362 232 iniustissime
370 211 490 240 repudiauit,
497 216 518 233 et
525 212 559 232 illa
566 212 651 237 tristitia,
661 217 682 233 et
689 220 774 234 maerore
780 221 829 233 con·
845 233 849 237 ,

227 241 285 260 'secta
295 244 375 260 mortua
384 244 419 260 est.
441 240 533 261 Secunda
543 241 604 261 Anna
614 240 697 266 Bolena,
711 248 771 268 quam
781 248 828 261 cum

233 268 273 288 suis
283 268 366 288 maechis
376 268 456 293 occidit,
465 272 487 288 vt
497 276 556 296 supra
565 268 659 289 diximus.
669 268 737 289 Tertia
748 269 796 289 lana
803 269 828 290 Se

232 296 302 321 moira,
316 304 361 323 quae
371 297 382 316 s}
392 295 485 320 Medicis,
500 300 521 316 et
532 296 634 324 Chirurgis
643 296 698 317 iussu
705 296 736 317 Re
751 297 767 317 is
774 297 828 317 laxa-

232 328 252 345 ta
258 328 295 349 est,
304 328 326 344 vt
332 328 417 351 pareret,
426 324 477 344 sicut
483 324 537 349 fecit,
547 328 567 345 et
575 325 642 344 statim
649 325 708 352 obijt:
748 325 827 345 enricus

232 352 287 373 enim
297 352 377 372 dicebat
387 359 408 372 se
418 352 475 372 facile}
500 359 544 372 osse
554 352 646 373 inuenire
656 359 734 377 vxores,
748 359 790 372 non
800 353 828 373 ita

231 380 287 400 filios.
313 380 388 403 Quarta
397 380 458 400 Anna
467 380 483 400 C
491 380 577 404 euensis,
587 387 648 407 quam
656 380 717 401 etiarn
726 380 827 401 Hem-icus

230 408 304 429 iniusti·
314 408 432 435 repudiauit.
462 407 538 430 Quinta
549 408 656 428 Catharina
666 408 767 433 Hauarda,
782 416 827 436 quae

231 435 322 463 adulterij
333 435 386 463 apud
397 435 463 463 Regni
474 436 561 461 ordines,
572 436 615 463 ipso
625 436 687 456 etiam
699 435 755 463 Rege
770 443 828 456 accu-

231 467 294 488 sante,
309 464 408 489 conuictu,
422 471 469 484 cum
478 464 560 484 maeehis
568 464 608 484 suis
615 463 694 484 Thoma
703 463 797 491 Culpero,
806 468 827 484 et

231 492 338 512 Francisco
352 491 455 512 Dinhamo
465 492 510 512 neci
520 492 567 512 data
581 495 612 512 est
626 491 749 519 Exemplum
759 496 827 519 poste-

232 520 258 540 ris
264 519 416 544 narrandum‚vt
422 527 462 547 que
468 519 578 540 admodum
584 519 684 540 Heuricus
690 519 783 545 necDeo,
789 527 827 540 nee

231 548 302 575 primae
317 548 373 567 vxori
388 547 450 568 fidem
465 547 558 572 seruauit,
573 548 601 568 sic
616 547 677 568 etiam
691 547 738 568 duae
755 554 827 568 vxores

230 576 292 604 ipsius
298 575 359 596 fldem
366 575 433 595 datam
440 575 468 595 illi
475 575 580 596 violarunt.
592 575 659 600 Sexta,
665 579 686 595 et
692 575 762 596 vltima
768 575 826 596 Heu-

230 604 266 624 rici
284 611 333 623 vxor
347 604 385 624 fuit
399 604 506 624 Catharina
523 603 582 624 Parra
598 603 659 623 vidua
673 603 756 623 Batonis
771 603 827 624 Lati-

230 632 287 656 meri,
295 639 340 659 quae
348 632 432 656 caeteris,
442 632 462 652 in
470 632 509 652 hoc
517 632 595 656 saltem,
604 631 681 652 felicior
688 631 762 656 extitit,
771 632 827 659 quod

231 660 277 681 Rex
288 660 389 680 Henricus
399 660 453 687 prius
463 660 474 680 ἐ
485 660 525 680 vita
534 660 623 680 sublatus
633 663 670 684 est,
680 666 741 687 quam
750 667 776 680 ex
786 660 827 680 vita

231 688 295 715 ipsam
320 687 437 712 sustulisset,
460 692 482 708 vt
503 688 625 708 decreuerat-
656 687 734 708 Omitto
753 687 827 708 multas

231 716 279 736 alias
288 715 379 736 faeminas
388 715 498 743 primarias,
512 719 533 736 et
542 715 637 743 plebeias,
651 715 724 743 quibus
738 715 776 736 iste
789 715 827 736 ho-

232 744 306 764 micida
315 748 403 764 mortem
413 743 487 764 intulit.

259 771 360 792 Henricus
370 775 416 799 post
425 775 456 792 tot
471 771 554 792 crimina
568 774 652 799 patrata,
666 778 720 799 saepe
734 771 827 791 admoni-

230 803 268 824 tus,
283 803 304 820 et
313 804 393 827 rogatus
403 803 434 820 est
443 803 487 820 tum
497 800 509 820 ᾗ
519 800 587 819 multis
603 799 734 826 Principibus,
748 802 769 819 et
783 799 825 826 alijs

229 828 276 848 viris
286 828 384 855 primm-ijs
396 828 440 855 pijs,
454 831 475 848 et
490 827 605 852 Catholicis,
619 831 664 847 turn
678 827 740 847 etiarn
753 828 766 847 εἴ
781 826 826 847 Cle-

229 860 299 876 mente
315 856 411 883 Septimo,
426 859 446 876 et
460 855 523 875 Paulo
537 855 606 876 Tertio
622 855 709 875 Summis
723 854 826 875 Pontifici-

229 884 273 908 bus,
287 887 309 903 vt
317 883 380 903 finem
390 883 430 903 suis
440 883 548 903 sceleribus
557 883 682 911 imponeret:
693 890 780 910 cumque
789 890 827 910 per

230 911 323 931 tinaciter
332 912 437 936 renuisset,
451 915 534 938 vterque
546 910 639 931 Pontifex
649 910 781 931 anathematis
792 911 825 931 vin

231 939 277 960 culo
287 939 343 959 illum
353 939 430 966 ligauit,
445 939 527 966 iureque
538 939 604 967 Regni
614 939 707 966 priuauit.
737 938 764 958 Et
779 945 825 959 cum

231 967 296 987 adhuc
306 967 376 988 infelix
386 967 448 988 homo
463 967 560 988 noluisset
575 966 685 992 emendari,
699 966 763 987 voluit
777 974 826 987 con-

231 995 327 1016 demnari.

781 1022 826 1043 Rex
