1054 1258
783 71 809 92 79

230 112 257 139 gij
270 111 348 136 Galbae,
358 111 457 138 conquiri,
467 114 489 132 et
498 110 598 139 supplicio
607 110 659 131 affici
669 110 779 132 mandauit.
805 110 828 130 In

232 140 304 160 itinere
319 139 359 160 ritu
375 139 544 167 triumphantium
558 142 628 159 vectus
638 142 674 159 est.
698 138 794 166 Rapinas,
809 142 830 158 et

231 167 363 194 petulantiam
381 167 470 187 militum
484 167 504 187 in
518 167 585 187 iocum
600 166 664 187 vertit.
692 166 760 194 thue
776 173 830 187 cam-

231 202 275 222 pos,
289 195 309 215 in
326 196 399 223 quibus
415 198 526 222 pugnatum
538 198 574 219 est,
588 194 643 222 adiit,
657 194 789 216 abhorrentes
799 203 831 216 ca-

231 223 328 243 dauerum
346 223 421 248 tabem,
438 222 551 243 detestabili
567 230 617 243 voce
634 222 754 243 confirmare
771 230 830 243 ausus

231 255 266 271 est
285 252 360 278 Optime
367 252 418 271 olere
425 252 505 271 occisum
514 251 590 275 hostem,
599 251 665 270 melius
672 251 736 270 ciuem.
753 250 829 271 Vrbem

230 278 319 306 denique
330 279 427 304 introiuit,
439 279 533 306 ferroque
548 278 650 299 succintus
664 278 717 298 inter
732 278 795 310 signa,
809 283 830 299 et

230 306 311 332 vexilla,
326 307 420 334 sagulatis
432 306 547 331 comitibus,
560 314 583 327 ac
594 306 679 326 detectis
687 306 828 327 comilitonum

231 334 297 354 armis.
322 334 387 362 Magis
404 334 479 355 deinde
496 341 519 354 ac
534 334 598 362 magis
611 334 667 354 omni
678 334 748 354 diuino
758 334 830 355 huma-

231 369 299 389 noque
314 362 357 383 iure
368 362 468 390 neglecto,
482 362 623 390 pontificatum
639 362 752 382 maximum
763 370 792 382 cae
809 363 829 382 it.

231 390 335 415 Luxuriae,
345 390 399 415 vino,
409 390 596 415 comessationibus,
607 394 627 410 et
637 389 715 410 seuitiae
725 389 763 410 fuit
770 398 795 410 va
804 390 829 411 de

231 418 316 438 deditus.
335 418 421 438 Nobiles
429 418 482 438 viros
490 418 579 438 coudisci
596 417 647 443 ulos,
657 421 678 438 et
687 418 775 445 aequales
784 425 830 439 suos

231 446 286 466 vario
295 453 371 473 genere
381 446 455 466 fraudis
470 446 550 466 occidit.
575 425 670 473 lgenique
686 446 697 466 Ξι
713 445 830 473 Vespasiani

230 473 321 498 ducibus,
335 478 356 494 et
370 474 468 494 militibus
483 477 573 501 raptatus
587 473 654 494 multo
669 480 716 494 cum
731 473 830 494 dedecore

230 509 266 529 per
282 502 359 526 vrbem,
376 501 464 529 religatis
476 506 523 529 post
537 506 594 529 terga
603 501 703 526 manibus,
713 501 829 529 iniectoque

231 529 345 550 ceruicibus
360 529 433 557 laqueo
448 529 566 550 seminudus
581 533 658 550 tractus
670 533 707 554 est,
716 529 785 550 multis
796 537 831 550 vo—

230 557 366 582 ciferantibus,
375 561 396 578 et
406 565 431 578 ex
448 557 570 578 robantibus.
600 557 667 577 Vnam
677 561 746 578 tamen
757 565 829 578 vocern

231 592 272 605 non
283 585 406 612 degenerem
417 593 428 605 e
444 585 487 610 idit,
504 592 549 605 cum
565 585 657 605 Tribuno
671 585 776 605 insultanti
786 585 831 605 dix-

231 613 273 633 erit.
306 613 357 633 Tuus
366 613 514 640 imperatorfm'.
543 612 636 634 Tandem
651 613 705 641 apud
718 613 830 634 Gemonias

230 641 370 661 minutissimis
390 641 463 662 ictibus
478 641 631 662 excarnificatus
648 645 679 662 est
693 645 714 662 et
728 641 829 669 iugulatus

230 670 367 697 praecipitatur
390 670 411 689 in
435 669 539 696 Tyberim,
562 676 633 690 mense
658 669 737 690 Octauo
756 669 830 696 princi-

231 702 295 725 patus.

257 725 387 745 Domitianus
405 725 523 753 Vespasiani
541 725 599 746 filius.
615 725 656 746 Titi
671 725 733 746 frater
742 725 829 753 impera-

229 759 261 773 tor
271 754 337 773 varius
351 753 465 778 virtutibus,
480 753 574 781 vitiisque
588 753 631 774 fuit.
662 753 696 773 Ad
713 756 829 774 extremum

230 781 309 801 Neroni
320 781 409 806 similior,
421 788 481 810 quam
493 776 540 801 Tito
551 781 620 802 euasit.
647 781 749 802 Caeterum
759 781 829 801 frater-

230 816 262 829 nae
272 809 336 829 laudis
350 809 457 829 aemulator
472 809 592 837 popularem
604 817 633 834 se,
646 813 668 830 et
679 809 761 829 iustitiae
771 813 828 829 tena-

230 844 274 857 cem
284 837 377 864 praebuit.
403 836 533 864 Magistratus
543 838 637 863 vrbanos,
646 841 667 858 et
677 837 828 864 prouinciarum

229 865 325 892 praesides
340 865 391 885 adef)
406 865 426 885 in
442 864 509 885 officio
524 865 632 890 continuit,
646 869 668 885 vt
680 872 747 892 neque
757 865 828 885 mode-

229 893 301 913 stiores
311 900 407 920 vnquam,
421 900 459 913 nec
470 893 562 913 iustiores
572 893 683 913 extiterint.
713 892 828 913 Calumnia-

229 925 283 941 tores
293 921 388 941 maximis
398 921 493 948 repressit
502 921 572 948 paenis.
597 920 709 942 Ferebatur
723 920 766 941 eius
781 927 827 940 vox.

229 949 322 976 Princeps
329 949 423 969 delatores
432 956 469 968 non
479 949 582 976 castigans,
590 949 660 969 irritat.
683 948 786 969 Probrosis
794 948 829 968 fae—

229 977 290 996 minis
304 976 382 997 lecticae
396 983 461 1001 vsum,
478 980 499 997 et
513 976 607 1004 capiendi
621 976 687 1004 legata
702 977 732 997 ius
743 976 826 996 ademit.

230 1005 348 1025 Senatorern
373 1004 407 1032 qui
427 1004 511 1025 saltandi
533 1004 601 1025 studio
620 1005 733 1030 tenebatur,
754 1008 825 1035 senatu

756 1035 828 1056 mouit,
