3456 4734
359 457 611 590 Respondeo
630 458 822 545 secundo.
852 456 976 560 Dato,
1005 473 1049 543 et
1066 484 1151 540 non
1169 485 1379 560 concesso,
1408 460 1520 571 quod

304 570 577 656 nosH1berni
605 598 784 657 essemus
817 569 921 654 adeo
950 571 1057 672 iusti,
1083 583 1129 652 vt
1160 568 1317 653 nullum
1348 571 1521 655 mortale

303 679 501 796 flagitium
521 683 722 768 internos
741 683 1005 784 inueniretur,
1022 680 1167 765 adhue
1182 679 1296 765 Deus
1324 681 1429 765 iuste
1448 710 1523 794 po-

303 811 407 878 terat
425 794 663 907 permittere
681 793 769 877 illas
798 792 1051 894 afflictiones,
1082 793 1187 876 sicut
1215 794 1409 904 permisit:
1433 811 1524 878 ten-

305 905 493 1007 tationes,
512 923 555 990 et
572 906 812 991 vexationes
832 905 937 1006 lobi,
950 904 1106 1005 Tobiae,
1118 904 1527 1005 etmultorurn,alio-

302 1044 391 1099 rum
407 1037 652 1132 sanctorum,
674 1019 787 1101 iuxta
810 1016 912 1100 illud
932 1016 1084 1128 Angeli
1104 1015 1325 1128 Raphaelis
1349 1015 1400 1099 ad
1420 1014 1525 1100 Tob.

305 1130 409 1225 Quia
420 1142 596 1239 acceptas
606 1131 800 1230 erusDeo,
811 1158 957 1212 necesse
954 1131 1053 1240 fuit,
1063 1142 1103 1211 vt
1113 1131 1272 1211 testatio
1275 1130 1520 1237 probarette.

299 1239 403 1324 Tot.
423 1246 483 1324 la.
498 1271 536 1324 n.
556 1249 616 1326 13.
633 1240 826 1324 Praeclure
847 1243 884 1324 S.
901 1238 1259 1351 Augustinuslibr.
1278 1247 1323 1322 4..
1338 1239 1391 1323 de
1413 1238 1523 1322 Ciui-

300 1367 384 1436 tate
404 1352 485 1436 Dei
500 1382 586 1467 cup.
608 1361 668 1439 13.
699 1355 815 1436 Ittstis
828 1355 1014 1462 quidquid
1024 1354 1212 1434 malorum
1224 1356 1523 1462 irrogator,oon

299 1477 354 1546 est
366 1494 486 1574 paenu
500 1469 667 1549 sturnini-s
679 1468 747 1547 sed
763 1468 911 1547 uirtutis
929 1494 1097 1548 examen.
1129 1463 1357 1575 Oportebat
1367 1491 1466 1572 ergo
1479 1465 1523 1546 in

299 1574 458 1688 signem
496 1577 767 1661 constantiam
791 1592 1023 1659 nostrorum
1063 1573 1367 1658 Catholicorum
1399 1573 1524 1657 afflic-

299 1688 479 1771 tionibus
510 1688 682 1800 probari.
715 1686 840 1788 Nam,
871 1706 916 1771 vt
952 1687 1115 1800 egregie
1152 1685 1426 1798 Philosophus
1451 1687 1522 1770 ille

302 1799 457 1884 Seneca
471 1798 600 1912 Epist.
621 1805 681 1884 13.
697 1799 813 1882 dixit
842 1801 937 1881 Non
945 1812 1072 1910 potest
1084 1811 1261 1881 constans
1271 1802 1420 1882 animus
1430 1801 1522 1898 dici,

299 1914 366 2020 qm·
383 1915 643 2021 comfortuna
659 1939 736 1994 non
748 1915 957 2022 purgarent

356 2022 519 2135 Aliquis
550 2023 720 2107 sortasse
746 2022 947 2134 religione
978 2035 1111 2104 tactus
1143 2020 1393 2106 existimabit
1421 2022 1521 2104 doc-

299 2132 448 2217 trinam
479 2135 601 2218 huius
632 2133 919 2248 disputationis
978 2162 1069 2217 osse
1098 2132 1261 2232 nocere,
1279 2132 1346 2215 vel
1364 2133 1522 2245 aliquo-

297 2244 425 2328 modo
443 2245 696 2359 preiudicare
717 2243 865 2358 Anglis
991 2244 1120 2346 olicis,
1151 2243 1222 2355 qui
1240 2272 1351 2326 nunc
1379 2245 1421 2327 in
1443 2245 1523 2326 Hi-

300 2357 442 2443 hernia
471 2375 695 2460 morantur,
718 2357 785 2441 vel
804 2359 847 2440 in
924 2373 1077 2441 sterum
1106 2357 1394 2440 morabuntur:
1424 2386 1521 2439 cum

298 2470 343 2553 in
371 2498 420 2553 ea
476 2471 664 2554 robatum
697 2469 745 2552 fit
779 2469 877 2580 Aug
892 2499 939 2552 os
966 2470 1017 2552 ab
1048 2466 1167 2552 initio
1196 2468 1347 2551 iniuste
1378 2497 1521 2579 posse-

300 2581 408 2666 disse
474 2583 686 2683 iberniam,
715 2599 758 2666 et
775 2582 885 2664 hona
902 2579 1144 2680 immobilia,
1171 2597 1214 2662 et
1231 2579 1401 2662 mobilia
1418 2581 1518 2663 eius

300 2690 413 2777 Huic
446 2710 587 2779 tamen
606 2692 845 2804 scrupuloso
872 2691 1121 2806 respondeo,
1138 2689 1300 2773 nullum
1319 2720 1410 2775 esse
1428 2690 1522 2774 fun-

300 2804 541 2889 damentum
569 2804 772 2888 sufficiens
800 2805 858 2888 ita
884 2801 1156 2889 existimandi.
1214 2803 1326 2886 Nam
1351 2803 1423 2886 isti
1445 2804 1522 2886 Ca-

299 2916 442 3000 tholici
481 2917 609 3029 Angli
640 2915 898 3028 possidentes
927 2918 1039 3000 bona
1076 2916 1368 3026 cuiuscumque
1394 2944 1523 3025 gene-

298 3027 354 3109 ris
372 3029 416 3111 in
435 3026 650 3143 Hiberpia,
667 3028 780 3111 bono
797 3027 933 3129 titulo,
950 3043 995 3112 et
1010 3026 1094 3111 fide
1113 3027 1339 3139 possident,
1365 3054 1522 3139 nempe

300 3138 422 3223 titulo
457 3139 704 3241 donationis,
740 3167 807 3224 em
840 3140 976 3242 tionis,
1019 3139 1347 3252 permutationis,
1395 3138 1518 3225 dotis.

280 3352 283 3358 ἱ
300 3250 368 3334 uel
381 3251 545 3336 alterius
563 3266 794 3335 conuentus
810 3168 927 3353 heiti,
943 3267 988 3336 et
1004 3251 1180 3335 honesti.
1209 3250 1375 3334 Deinde
1394 3246 1523 3362 siipsi

302 3378 397 3446 sunt
414 3362 485 3464 ibi,
511 3380 557 3446 vt
575 3364 722 3447 incolae
739 3362 844 3447 vltra
860 3363 1022 3465 decem,
1038 3362 1105 3446 vel
1119 3363 1265 3474 viginti
1282 3391 1427 3464 annos,
1444 3365 1520 3444 &e

300 3492 510 3586 tamquam
537 3475 745 3559 vernaculi
775 3503 849 3560 seu
893 3474 1096 3559 naturales
1121 3474 1301 3558 Hiberni
1402 3490 1523 3558 utan-

302 3583 344 3666 di
363 3602 471 3689 sunt,
488 3602 532 3670 et
549 3585 698 3671 eodem
716 3586 851 3689 titulo,
876 3603 922 3672 et
938 3587 1040 3689 iure,
1066 3615 1149 3696 quo
1167 3586 1314 3698 reliqui
1390 3587 1523 3670 'berni

304 3724 376 3779 sna
392 3699 503 3781 bona
519 3697 746 3811 possident,
755 3698 826 3800 sic,
843 3716 886 3782 et
903 3699 981 3812 ipsi
1090 3698 1214 3782 'dent
1245 3700 1287 3781 Si
1296 3715 1438 3782 tamen
1448 3698 1524 3780 ali-

302 3809 394 4000 3113
411 3838 465 3892 er
483 3810 583 3910 istis,
600 3809 666 3892 vel
684 3839 736 3894 ex
755 3809 836 3893 illis
862 3727 1192 3924 aliquiffluste
1218 3809 1430 3923 possidere
1460 3811 1524 3892 vi-

330 3936 459 4024 eatnr,
486 3937 587 4004 tunc
604 3949 656 4004 ex
684 3921 839 4005 iustitia
864 3922 908 4005 in
940 3942 1114 4034 utroque
1145 3921 1236 4004 foro
1253 3919 1521 4006 iudicandum

301 4031 389 4116 erit.
448 4031 498 4115 In
539 4031 654 4117 cuius
692 4033 748 4120 rei
786 4032 1140 4122 confirmationem
1178 4033 1380 4121 secudum
1382 4034 1523 4257 ἐξ
