3456 4734
227 286 233 292 ’
366 284 422 363 86

311 435 467 519 maiore
485 461 581 518 cmn
600 429 887 547 expectatione
900 429 1096 546 Regnum
1106 433 1221 547 inijt:
1240 460 1366 520 nemo
1381 465 1502 550 spem·

310 547 364 631 de
383 576 428 632 se
446 576 575 630 conce
604 561 689 631 tam
707 544 992 650 vehementius
1009 545 1163 631 fefellit
1221 546 1386 660 Quippe
1403 566 1500 633 ante

311 676 546 772 susceptum
570 577 634 742 lin
665 659 795 742 erium
823 658 953 740 multa
978 655 1242 761 liberalitatis,
1268 676 1500 772 temperan-

310 770 390 872 tiae,
417 785 460 854 et
476 769 617 853 fortitu
649 770 726 855 'nis
748 769 862 854 dedit
879 768 1080 880 exempla.
1111 769 1304 854 Ceterum
1323 773 1500 857 triennio

310 881 381 964 vix
392 898 609 984 transacto,
626 883 669 965 in
684 880 824 965 omnia
833 881 1026 964 vitiorum
1036 908 1188 991 genera
1197 912 1376 995 praeceps
1390 885 1499 996 abijt.

312 991 1503 1106 ProbosetpmdentesvimsquipatriaConsilijsfirerant,

312 1105 1502 1220 quodeiusaduersarenturneqmtimexaulaexpulitAdu-

311 1219 729 1318 latoresetnouarum
740 1217 997 1330 voluptatum
1005 1217 1289 1332 inuentoresin
1298 1216 1503 1330 p'raecipuo

312 1329 665 1424 honorehabebat.
674 1329 901 1412 Cordorum
910 1329 1186 1440 propinquum
1195 1332 1402 1443 suum,qui
1414 1331 1507 1432 iuri,

313 1456 356 1524 et
366 1440 544 1552 aequitati
552 1439 1431 1552 adminisnmdaepraefectusfuemtsubRege
1439 1474 1505 1527 su-

312 1552 477 1664 periori,
486 1552 707 1636 molestum
717 1581 878 1635 suarum
890 1552 1149 1744 voluptatum
1157 1553 1502 1664 interpellatorem

177 1684 184 1695 '
313 1664 478 1767 occidit,
505 1679 548 1748 et
565 1665 672 1748 intra
688 1691 841 1776 paucos
859 1664 947 1747 dies
964 1694 993 1775 p
1009 1665 1149 1774 erique
1167 1663 1247 1774 alij,
1264 1664 1416 1774 dinitijs
1434 1684 1506 1750 aut

313 1776 464 1860 virtute
483 1792 732 1887 prestantes,
757 1773 899 1859 fraude
928 1775 1198 1859 circumuenti
1216 1777 1387 1889 periere.
1417 1776 1510 1877 His,

296 1891 357 1970 'et
383 1888 471 1999 alijs
497 1887 742 1971 facinoribus
775 1887 1005 1998 diuulgatis,
1035 1915 1187 1999 magno
1221 1889 1433 1971 Consensu
1461 1891 1513 1972 in.

315 1998 476 2111 Regem
509 2001 755 2099 coniuratur,
782 1999 1156 2112 comprehenditur,
1188 1999 1400 2100 occiditur,
1418 2001 1505 2084 eius

314 2127 438 2223 caput
454 2111 508 2194 ad
533 2110 754 2215 ludibrium
783 2112 1039 2222 proponitur,
1066 2126 1110 2195 et
1140 2110 1298 2221 Corpus
1324 2113 1368 2194 in
1397 2110 1505 2196 cloa-

313 2251 405 2304 cam
422 2222 645 2334 proijcitur,
672 2252 766 2305 cum
785 2240 994 2333 regnasset
1020 2251 1150 2306 annos
1178 2241 1362 2333 quatuor.
1422 2223 1504 2308 iste

318 2335 443 2438 etiam
461 2364 643 2447 paganus
660 2334 749 2417 fuit.
1079 2426 1083 2431 ¹
1176 2361 1179 2364 ’

370 2445 573 2548 Luctacus
605 2453 670 2528 22·
705 2445 813 2548 Rex,
856 2461 901 2529 et
933 2445 1129 2556 Paganus,
1172 2447 1299 2528 homo
1331 2445 1505 2558 flagitio·

315 2559 508 2660 sissimus,
535 2559 688 2672 quippe
706 2571 845 2670 spreto
862 2558 1065 2657 maiorum
1090 2558 1275 2656 consilio,
1295 2587 1341 2640 se
1369 2574 1504 2641 totum

314 2671 426 2773 vino,
452 2662 497 2753 iet
517 2673 659 2754 scortis
678 2669 802 2754 dedit
823 2668 992 2769 Nullam
1014 2668 1217 2756 faeminam
1235 2671 1287 2753 ab
1308 2670 1396 2753 eius
1414 2670 1505 2753 libi·

315 2781 414 2864 dine
432 2782 498 2865 vel
519 2783 748 2895 propinqua
771 2810 868 2863 cum
887 2780 978 2892 ipso
997 2782 1201 2893 cognatio,
1227 2783 1294 2863 vel
1313 2810 1504 2866 reueren-

315 2894 372 2976 tia
389 2892 543 3004 legum,
564 2896 630 2977 vel
650 2893 888 2976 maritorum
907 2909 1115 3005 respectus
1143 2893 1384 2976 vindicabat
1420 2897 1504 2976 Ac:

317 3010 475 3101 cessere
501 3005 553 3088 ad
579 3006 666 3088 haec
692 3005 917 3102 inhumana
949 3004 1179 3107 crudelitas,
1204 3021 1249 3087 et
1275 3005 1515 3133 inexplebi-.

314 3116 365 3198 lis
387 3117 565 3199 auaritia.
596 3117 793 3200 quentus
811 3144 976 3227 quoque
995 3117 1038 3197 in
1057 3114 1420 3245 peiora-proelium,
1447 3115 1507 3198 fa·
1650 3185 1664 3217 ,

315 3228 394 3312 cile
412 3229 456 3309 in
469 3226 603 3340 ,Regis
621 3231 683 3312 sui
703 3255 838 3310 mores
856 3226 1132 3338 degenerauit
1153 3226 1282 3338 Igitur
1301 3256 1396 3311 cum
1415 3257 1506 3339 pas-

316 3341 395 3424 sim
414 3341 555 3423 omnia
573 3340 734 3452 stupris,
759 3339 925 3451 rapinis,
943 3356 986 3423 et
998 3339 1174 3422 caeffibus
1188 3341 1504 3423 contaminaret:

316 3481 395 3536 nec
409 3452 609 3563 quispiam
628 3454 717 3552 eius
735 3451 861 3535 firrori
879 3451 1043 3543 obuiam
1063 3451 1123 3534 ire
1134 3451 1321 3552 auderet,
1339 3449 1506 3534 tandem
1643 3491 1648 3498 ·

275 3601 281 3613 ·
315 3579 525 3661 conuentu
560 3566 785 3678 primorum
823 3556 944 3663 facto,
989 3562 1261 3646 multitudinis
1305 3590 1506 3646 concursu

314 3705 396 3757 vna
413 3703 508 3757 cum
528 3677 726 3760 scelerum
746 3674 993 3774 administris
1011 3673 1088 3757 fuit
1105 3675 1279 3774 occisus3
1298 3675 1370 3758 vix
1388 3674 1507 3756 finito

314 3786 437 3869 tertio
459 3786 595 3898 Regni
613 3815 734 3870 anno.
764 3784 920 3869 Datum
943 3801 1084 3869 tamen
1102 3786 1250 3868 honori
1277 3786 1405 3897 patris
1432 3813 1508 3896 op-

313 3897 405 3980 timi
427 3897 637 3999 Corbredi,
663 3915 707 3980 vt
724 3898 766 3980 in
787 3897 1019 4008 sepulcrum
1037 3899 1239 3980 maiorum
1262 3897 1435 3980 cadauer
1463 3901 1505 3979 in

313 4007 508 4110 ferretur3
537 4026 774 4097 ceterorum
792 4035 963 4122 corpora
980 4009 1185 4123 insepulta
1201 4008 1394 4122 proiecta
1412 4118 1461 4200 Μ

1464 4151 1505 4202 0.
