3456 4734
342 307 398 386 22

338 460 394 540 25
444 453 537 538 Rex
575 452 780 538 Heuricus
820 447 1026 536 Secundus
1055 448 1098 533 iu
1158 452 1329 537 stitione
1356 441 1476 543 liuius

284 549 467 678 rescripti
486 566 663 649 narrauit
680 562 848 646 falsum:
868 561 973 644 dixit
991 560 1101 644 enirn
1163 563 1361 651 iberniam
1376 580 1483 649 tunc

283 676 480 790 temporis
499 695 583 760 non
601 673 804 788 pertinere
824 673 875 756 ad
894 671 1091 757 terminos
1110 671 1301 759 Ecclesiae
1328 676 1476 760 Catho-

285 793 384 891 licae,
412 805 455 874 et
483 786 690 871 Hibernos
717 785 891 898 populos
924 812 1012 868 esse
1046 784 1246 888 indoctos,
1273 801 1315 870 et
1344 787 1476 888 rudes,
1526 890 1528 894 Ι

285 903 431 1014 quibus
468 898 738 984 necessarium
776 912 862 981 erat
898 894 1090 979 declarari
1127 897 1339 981 veritatem
1377 897 1474 983 fidei

171 1018 173 1020 ’
285 1012 536 1111 Christianae,
551 1009 721 1120 illosque
741 1007 912 1091 subdere
930 1006 1100 1118 legibus.
1149 1006 1253 1092 Haec
1267 1008 1366 1093 falsa
1383 1040 1474 1094 uar-

254 1192 257 1198 .
282 1125 383 1208 ratio
404 1121 605 1233 colligitur
624 1150 676 1203 ex
696 1119 792 1250 ipsis
819 1117 945 1203 literis
976 1118 1226 1312 Apostolicis
1254 1150 1372 1234 supra
1400 1150 1474 1231 po-

283 1235 368 1318 sitis
388 1262 499 1316 uum.
520 1239 559 1317 4.
580 1231 770 1315 Pontilex
789 1231 899 1314 enim
919 1229 962 1312 iu
982 1229 1009 1312 il
1027 1230 1060 1312 is
1089 1233 1288 1314 narrando
1308 1233 1473 1345 petitio·

282 1374 378 1430 nem
401 1344 527 1457 Regis
543 1342 712 1426 Heurici
729 1343 786 1424 sic
805 1343 873 1426 ait·
921 1341 1202 1445 Laudabiliter,
1229 1347 1473 1453 etfructuosd.
1566 1434 1569 1439 ,
1626 1402 1629 1443 3

279 1459 504 1566 deglorioso
515 1459 664 1538 nomine
673 1455 932 1564 propagando
945 1455 987 1536 in
1005 1456 1128 1554 tuuis,
1141 1465 1177 1534 et
1185 1460 1337 1537 <aterna
1337 1458 1467 1564 felici·
1529 1485 1531 1489 ⁴

279 1572 368 1651 tutis
379 1570 541 1678 praemio
560 1569 786 1649 cumulando
804 1568 844 1647 in
858 1566 1041 1648 calistae
1056 1568 1353 1674 magnificientiae
1366 1571 1470 1679 cogi-

278 1692 348 1781 tat,
356 1682 445 1762 dnm
455 1683 509 1762 ud
517 1680 734 1761 dilatandos
744 1678 930 1759 Ecclesia
940 1678 1470 1776 terminos,uddeclurandum

275 1794 448 1894 indoctis,
466 1804 501 1874 et
519 1791 675 1874 rudibus
686 1789 842 1899 populis
860 1789 1193 1894 Christianaefidei
1209 1793 1415 1891 veritutcm,
1433 1803 1469 1872 et
1597 1894 1599 1898 ,

165 1997 168 2004 ¹
274 1905 450 1986 uitiorum
455 1904 658 2012 plantario
669 1905 716 1983 de
725 1929 823 2010 agro
834 1901 1019 1983 dominico
1030 1901 1272 2009 extirpando,
1282 1904 1377 2008 sicut
1392 1904 1467 1985 Cu·

276 2016 435 2098 tholicus
453 2016 640 2122 Princeps
658 2013 833 2114 intendis,
851 2013 917 2120 dc·
944 2013 1002 2093 Et
1019 2013 1140 2120 infru,
1168 2015 1222 2094 ud
1238 2015 1468 2096 subdendum

276 2127 383 2207 illum
391 2128 579 2236 populum
597 2126 754 2234 legibus.

330 2242 385 2320 26
431 2235 549 2321 Tunc
576 2235 646 2318 sic.
675 2234 769 2320 Rex
796 2233 901 2318 dixit
928 2264 971 2318 se
999 2233 1105 2318 velle
1134 2232 1374 2319 Hiberniam
1404 2237 1466 2319 in-

274 2347 389 2458 gredi
408 2347 460 2431 ad
484 2346 718 2435 dilatandos,
741 2345 936 2431 Ecclesiae
963 2344 1160 2430 terminos
1190 2347 1353 2450 Quaero,
1379 2376 1464 2430 non

274 2487 328 2542 ne
347 2473 434 2543 tota
453 2457 652 2543 Hibernia
679 2474 779 2541 tunc
805 2457 1002 2570 temporis
1032 2471 1118 2540 erat
1138 2456 1348 2542 Catholica
1366 2487 1462 2541 cum

274 2571 464 2653 omnibus
483 2572 564 2655 suis
583 2569 727 2653 incolis
743 2573 756 2654 ἓ
766 2586 861 2686 erat
878 2568 1077 2681 profecto,
1094 2596 1172 2652 nec
1186 2573 1400 2681 vnquamai
1417 2570 1464 2653 fi-

273 2681 326 2765 de
357 2682 566 2766 Catholica
589 2679 751 2783 defecit,
778 2695 995 2794 postquam
1014 2679 1125 2764 illam
1145 2681 1271 2765 semel
1287 2682 1463 2793 suscepit

274 2796 298 2874 a
317 2793 464 2876 Sancto
484 2792 657 2878 Patricio
678 2792 884 2905 Apostolo
912 2820 1000 2894 suo,
1056 2791 1097 2873 ui
1128 2819 1219 2874 earn
1242 2792 1298 2876 ibi
1316 2793 1463 2906 praedi-

273 2933 365 2988 care
383 2905 538 3018 incepit
555 2933 664 2989 anuo
684 2903 855 2987 Domini
875 2907 969 2988 431.
985 2821 1160 2988 vel432·
1173 2903 1336 2987 vel441·
1349 2907 1463 2989 iuxta

272 3016 399 3099 varias
419 3015 656 3100 Authorum
684 3015 900 3128 opiniones
923 3011 990 3124 .(vt
1017 3013 1253 3098 omittamus
1281 3046 1391 3100 nunc
1418 3018 1461 3100 in

271 3124 472 3212 Hibernia
508 3127 778 3238 antiquiorem
814 3126 950 3211 Sancti
989 3124 1127 3209 Iacobi
1166 3127 1357 3240 Apostoli
1389 3127 1460 3238 filij

271 3236 457 3325 Zebedaei
476 3238 973 3432 praedicationemp'vsque
996 3235 1049 3320 ad
1075 3266 1256 3349 praesens
1285 3254 1482 3352 ternpus,

270 3364 313 3434 et
330 3379 484 3434 annum
507 3354 623 3434 1645.
644 3349 685 3432 in
707 3379 788 3462 quo
836 3379 897 3434 aec
916 3348 1074 3433 scribo:
1104 3377 1202 3460 ergo
1230 3352 1460 3462 pertinebat

269 3462 535 3546 adterminos
554 3460 773 3545 Ecclesiae:
794 3490 891 3573 ergo
906 3457 1101 3570 mentitus
1116 3476 1178 3544 est
1196 3461 1290 3546 Rex
1310 3461 1468 3563 Heurif

269 3598 339 3655 cus
369 3572 547 3660 dicendo
584 3602 669 3656 non
701 3572 919 3686 pertinere,
955 3570 1020 3656 vel
1053 3571 1249 3686 deceptus
1281 3589 1343 3658 est
1379 3575 1459 3657 hoc

268 3684 551 3798 supponendo.
968 3713 975 3724 ·

321 3803 375 3881 ⁶27
432 3795 692 3908 Prosequitur
712 3794 920 3882 Heuricus
937 3795 979 3879 in
1000 3824 1072 3879 sua
1085 3795 1285 3910 petitione
1305 3797 1456 3884 dicens.

266 3909 1457 4020 Addeclacnnduntinductis,etrudidnspopnlisfidciueritotenr

266 4016 483 4121 Doctiores
511 4017 750 4131 Episcopus,
798 4035 841 4108 et
874 4016 1093 4132 Magistros
1130 4035 1231 4105 tunc
1257 4029 1457 4135 temporis

1384 4136 1457 4224 ha·
