1054 1258
762 72 801 92 125

236 118 287 139 quos
303 114 381 131 vestros
395 115 471 139 portus,
486 111 520 138 qui
536 109 603 131 statim
613 110 625 131 ὲ
641 110 697 131 vobis
713 110 825 136 intercludi,

238 147 261 160 ac
271 139 352 160 defendi
361 142 452 166 possunt,
464 138 599 159 construendo
615 138 707 164 Castella,
718 143 739 159 et
750 146 824 167 propu-

237 167 321 194 gnacula
331 167 442 187 necessaria
451 173 497 187 cum
507 166 572 187 valida
581 166 668 187 militum
678 173 746 191 manu,
760 171 780 187 et
789 174 823 187 co-

237 200 311 215 meatu.
334 194 388 218 Quid
402 201 450 222 ergo
466 195 540 215 restat?
564 194 606 214 Vos
624 194 630 214 i
646 194 662 214 si
681 201 708 215 ex
725 195 824 222 praeiactis

236 222 351 250 praemissis,
368 222 434 243 elicite
450 222 607 247 conclusionem,
638 229 672 242 um
688 229 726 250 ego
743 222 824 243 interim

237 257 306 272 meum
321 257 432 278 prosequor
451 253 597 278 argumentum.
625 249 671 270 Nec
687 251 753 270 obstat
769 250 824 277 quod

236 283 328 306 quatuor,
342 278 374 299 vel
384 278 473 306 quinque
487 278 584 302 ciuitates,
597 278 710 306 pauloplus,
724 278 824 302 minusue,

236 307 277 327 sint
290 306 355 327 adhuc
366 306 386 326 in
395 310 495 334 potestate
505 305 600 330 hostium,
614 305 686 333 quibus
696 313 729 326 eas
739 306 822 326 aufferre

236 334 320 362 potestis
335 334 406 354 eadem
420 333 521 359 felicitate,
535 338 555 354 et
569 333 669 359 facilitate,
686 341 725 361 qua
741 338 822 354 caeteras

237 362 342 389 eripuistis.

263 391 290 410 20
319 389 404 410 Hiberni
414 389 454 410 mei
464 389 523 417 agite,
551 389 620 416 ergite‚
634 393 655 410 et
664 389 754 417 perficite
763 390 823 410 incae-

236 422 294 445 ptum
308 425 359 445 opus
369 417 498 442 defensionis,
512 396 637 437 etiiibertatis
647 421 725 442 vestrae,
739 421 760 438 et
769 418 822 438 occi-

236 445 278 466 dite
287 445 392 465 haereticos
403 445 525 465 aduersarios
532 448 614 470 vestros,
624 449 645 465 et
652 452 722 465 eorum
729 445 823 470 fautores,

235 477 256 494 et
266 473 366 493 adiutores
374 474 386 493 ὲ
393 473 461 493 medio
468 472 538 493 tollite.
554 472 596 493 Iam
605 472 731 493 interfecistis
740 478 821 494 centum

235 501 380 528 quinquaginta
387 501 449 521 millia
456 500 544 521 hostium
552 500 582 521 his
592 504 683 528 quatuor,
690 501 721 521 vel
732 501 822 529 quinque

235 529 299 553 annis,
314 529 338 549 ab
348 536 402 550 anno
412 528 487 549 scilicet
500 530 557 549 1641.
573 535 635 556 vsque
645 528 670 549 ad
680 528 734 549 hunc
748 536 823 549 annum

237 558 290 577 1645
297 557 317 577 in
325 564 366 584 quo
373 557 415 577 haec
421 556 492 581 scribo,
499 560 521 577 vt
527 556 565 584 ipsi
573 556 678 584 aduersarij
686 557 707 577 iu
715 557 754 577 suis
762 557 823 584 scrip-

235 585 260 605 tis
275 584 414 612 demugientes
429 584 494 612 palam
509 583 602 609 fatentur,
616 588 637 604 et
650 591 686 604 vos
698 592 738 605 non
751 584 823 605 diffice-

236 612 292 637 mini,
308 616 329 633 et
343 620 382 640 ego
395 612 462 641 plures
472 612 575 633 haereticos
589 612 657 633 hostes
667 612 753 633 occissus
762 612 823 633 fuisse

235 641 302 665 credo,
312 645 332 661 et
341 641 418 661 vtinam
428 647 505 661 omnes,
518 640 590 661 Restat
599 644 621 661 vt
628 644 709 661 caeteros
720 641 823 661 haereticos

235 669 337 693 occidatis,
346 669 377 689 vel
388 676 414 689 ex
430 668 532 689 Hiberniae
546 668 619 688 finibus
629 669 740 696 expellatis,
749 676 775 689 ne
786 669 823 689 Ca-

235 696 330 717 tholicam
344 697 429 724 patriam
446 700 535 717 nostram
550 695 635 724 amplius
653 696 692 717 suis
707 697 823 721 haeresibus,

235 728 255 744 et
265 725 364 744 erroribus
372 724 467 744 inficiant.
483 724 559 744 Scitote
571 724 649 751 Anglos
658 724 762 745 haereticos
772 732 823 745 nun—

236 759 295 779 quam
310 756 379 772 contra
392 759 428 772 vos
441 752 545 772 victoriam
558 752 645 780 aliquam
658 752 775 778 obtinuisse,
785 753 822 772 nisi

237 779 316 800 adiutos
330 781 355 800 ab
370 780 468 808 aliquibus
483 779 586 804 Hibernis,
600 780 628 800 ita
642 783 664 800 vt
672 780 719 801 vere
729 780 768 800 dici
778 788 823 808 pos-

235 808 267 833 sit,
281 808 327 828 Non
334 809 394 835 Angli
401 809 502 832 Hiber-nox,
507 808 541 828 sed
546 808 628 828 Hiberus·
634 808 728 828 Hibernos
733 809 822 829 vicerunt.

238 836 306 863 Atque
316 836 343 856 ita
353 836 450 857 dissentio
460 836 512 856 inter
521 836 575 863 ipsos
584 835 693 860 Hibernos,
703 835 822 857 Hiberniam

235 863 333 884 desolauit
347 864 403 884 iuxta
417 863 466 884 illud
480 863 553 884 Christi
568 863 652 884 Domini
666 863 770 884 infnllibile
779 864 820 884 dic-

234 895 283 912 tum.
302 892 361 912 Omne
375 892 463 919 Regnum
471 892 491 911 in
504 899 523 912 se
537 892 596 918 ipsum
610 892 689 912 diuisum
702 892 821 916 desolabitur,

234 919 294 940 Lucae
305 927 348 947 cap.
357 921 386 940 11.
393 927 447 940 num.
453 920 483 940 17.
494 919 521 940 Et
527 919 580 947 apud
585 918 693 939 Mathaeum
700 927 716 940 c.
726 921 755 940 12.
763 927 782 940 n.
791 922 822 940 25.

238 947 296 967 Omne
308 948 396 975 Regnum
405 948 483 968 diuisum
493 951 558 968 contra
567 954 592 972 se,
601 947 714 968 desolabitur
720 957 726 972 ;
741 951 758 968 el
766 949 823 968 omnis

235 975 307 1000 ciuitas,
316 976 346 996 vel
354 976 419 996 domus
428 976 489 995 diuisa
499 979 564 996 contra
573 982 598 1000 se,
607 982 645 995 non
654 976 713 996 stabit.

262 1004 286 1023 21
317 1003 387 1024 Nolite
403 1003 474 1024 timere
489 1003 568 1031 Anglos
581 1003 687 1024 haereticos
705 1003 778 1024 Christi
790 1004 824 1024 ad-

721 1039 824 1057 uersanos,
