3456 4734
389 313 444 395 aa

338 463 521 554 Caeuanti
540 465 651 551 enim
671 465 727 549 im
758 467 799 549 io
819 465 938 578 Regi,
956 464 1061 549 forte
1080 478 1202 578 caput
1215 464 1335 579 piscis
1348 465 1524 576 ingentis

231 667 234 675 ,
293 600 313 636 ·.
336 579 566 711 appositum
587 592 682 662 erat
729 495 780 662 ld
798 575 986 708 Symachi
998 578 1048 660 ab
1064 606 1107 661 se
1122 606 1253 690 nuper
1264 577 1387 661 occisi
1402 595 1526 689 caput
1622 659 1625 665 .

337 719 468 775 ursum
484 704 558 792 est,
585 689 712 774 toruis
729 691 869 791 oculrs,
896 688 1136 820 exertisque
1150 688 1339 773 dentibus
1353 689 1526 773 exitium

337 802 573 886 minitantis.
630 799 847 887 Horrenda
865 802 956 885 haec
974 819 1129 912 speclea
1147 816 1306 883 tantum
1326 800 1526 886 illiterro-

337 915 391 998 ris
421 913 599 1015 incussit,
626 927 671 995 vt
699 914 864 998 insolito
900 914 1068 997 iactatus
1090 912 1258 996 horrore
1289 930 1528 1016 moreretur,

338 1053 452 1109 suam
489 1027 531 1108 in
560 1025 895 1137 repraesentandis
923 1024 1127 1137 supplicijs
1184 1024 1406 1136 raecipitem
1440 1055 1551 1135 cru-w

338 1137 548 1223 delitatem
567 1138 765 1220 incusans.
796 1136 1046 1220 Tursellinus
1065 1137 1107 1218 in
1128 1055 1322 1249 Elpitome
1340 1136 1527 1219 historia-

338 1276 429 1333 rum
448 1247 516 1333 lib.
537 1257 575 1334 6.
594 1278 684 1362 pag.
706 1254 799 1332 285·
811 1263 862 1331 'et
879 1249 956 1360 alij.

396 1365 450 1444 86
480 1359 676 1446 Germani
707 1360 894 1443 Carolum
922 1359 1123 1460 Crassum,
1159 1374 1204 1441 vt
1221 1376 1320 1471 pote
1339 1359 1525 1443 iuvtilem

343 1471 534 1584 Imperio,
549 1472 682 1583 Regio
697 1471 864 1556 nomine
884 1487 1070 1571 exutum,
1087 1470 1305 1584 Arnulpho
1325 1473 1412 1555 eius
1431 1490 1530 1554 con·

341 1584 505 1668 sobrino
524 1584 567 1667 in
578 1583 749 1667 tutelam
763 1583 1026 1666 tradiderunt
1058 1581 1179 1666 Vnde
1195 1583 1359 1665 Crassus
1374 1613 1426 1668 ex
1442 1596 1527 1666 tam

340 1695 489 1807 insigni
509 1695 756 1779 contumelia
773 1710 932 1778 tantum
951 1693 1132 1776 maeroris
1151 1693 1352 1794 exhausit,
1370 1712 1414 1777 vt
1430 1724 1530 1807 pau-

341 1807 383 1891 lo
407 1820 502 1920 post
528 1807 710 1918 migrarit
736 1806 760 1890 ὁ
785 1806 877 1889 vita.
939 1804 1113 1889 Ioannes
1134 1805 1314 1916 Baptista
1333 1805 1530 1918 Egnatius
1581 1820 1583 1827 '

180 2015 182 2018 ,
213 1990 216 1996 .
340 1904 407 2002 liu
425 1927 461 2002 3.
475 1948 566 2031 pag.
581 1921 646 2003 47.
676 1917 925 2002 Tursellinus
936 1916 1005 2000 lib.
1018 1920 1054 2002 7.
1067 1945 1157 2029 pag.
1171 1922 1263 2001 373.
1278 1932 1319 2000 et
1330 1918 1409 2030 alij.
1430 1917 1531 2002 Vin·
1631 2019 1633 2022 Α

341 2029 485 2113 cislaus
504 2030 641 2132 etiam,
668 2031 722 2113 ob
742 2056 854 2112 suarn
870 2030 1070 2130 inertiam,
1095 2045 1140 2113 et
1158 2027 1257 2111 vitia
1269 2030 1320 2112 ab
1332 2028 1531 2113 Electori-

342 2143 418 2225 bus
439 2141 685 2243 Germaniae,
714 2157 755 2226 et
773 2141 860 2251 alijs
879 2141 973 2224 viris
991 2139 1241 2253 principibus
1265 2140 1532 2244 Francofurti,

343 2252 626 2337 consentiente
655 2251 864 2337 Bonifacio
894 2259 932 2336 9.
966 2254 1136 2336 Summo
1168 2250 1365 2336 Pontifice
1394 2252 1533 2366 Impe·'

343 2363 406 2446 rio
423 2364 604 2476 priuatus
623 2379 695 2448 est.
727 2363 901 2448 Ioannes
922 2363 1097 2447 Azorius
1115 2378 1231 2448 torno
1245 2369 1283 2446 2.
1305 2361 1532 2465 Institutio-

344 2503 445 2558 num
458 2474 673 2559 moralium
685 2476 753 2560 lib.
770 2481 832 2558 ll.
842 2505 928 2588 cap.
935 2482 1030 2671 pdffi
1048 2480 1111 2577 14,
1119 2505 1209 2670 ρῗῇ.
1224 2481 1340 2559 lloa
1357 2476 1530 2574 Turselli

342 2615 420 2670 nus
439 2587 543 2670 libro
561 2593 599 2672 9.
619 2617 709 2700 pag.
730 2593 824 2673 550.
845 2588 933 2671 Bob

345 2704 382 2781 1.
402 2725 514 2782 num.
539 2705 628 2784 rao.
648 2716 691 2784 et
708 2698 785 2810 aij.

372 2814 453 2896 st
512 2807 657 2896 Franci
693 2810 985 2896 cousuluerunt
1032 2810 1267 2896 Zachariam
1316 2811 1530 2899 Summum

345 2919 609 3007 Pontificem:
639 2922 728 3037 quis
746 2949 844 3005 nam
862 2951 1032 3035 regnare
1049 2923 1186 3036 potius
1213 2922 1394 3026 deberet,
1420 2928 1534 3040 igna-
1631 2937 1633 2940 ’

344 3062 426 3135 rus,
444 3049 486 3119 et
499 3035 710 3148 negligens
723 3033 928 3146 Princeps,
947 3064 999 3119 an
1013 3063 1111 3121 vero
1125 3052 1324 3138 strenuus,
1342 3037 1533 3123 iudustri-

345 3175 407 3247 us,
424 3158 468 3229 et
480 3145 680 3275 diligens?
699 3145 931 3257 Respondit
944 3144 1053 3259 Papa
1064 3160 1287 3249 strenuum,
1305 3161 1348 3232 et
1361 3149 1532 3262 diligen-

344 3270 452 3340 tem.
475 3257 618 3342 Suum
638 3255 796 3359 Franci,
825 3257 1055 3342 Childerico
1074 3258 1098 3341 ἑ
1118 3256 1266 3368 Regno
1284 3259 1459 3363 deiecto,
1476 3267 1531 3348 ob

1032 2588 1154 2700 ainp

1198 2587 1292 2672 rtica
1305 2587 1374 2671 lib.
1389 2596 1427 2673 5.
1443 2589 1530 2703 cap.
1652 2615 1656 2620 ’

345 3367 563 3479 ignauiam,
590 3368 670 3454 hoc
688 3385 763 3473 est,
789 3369 885 3480 quia
902 3382 988 3453 erat
1005 3369 1057 3453 ad
1075 3369 1384 3481 gubernandum
1412 3375 1533 3459 invti-
1688 3365 1693 3378 ’

281 3560 283 3565 .
343 3478 394 3562 lis
421 3496 465 3565 et
496 3481 675 3594 ineptus,
700 3479 893 3594 Pipinum
922 3479 1082 3592 Regem
1112 3497 1309 3566 crearunt.
1358 3482 1532 3572 Ioannes

347 3592 523 3723 Azorius
546 3622 666 3706 supra
692 3593 838 3677 citatus
865 3620 955 3705 pag.
978 3599 1098 3676 1102.
1118 3607 1162 3676 et
1180 3622 1266 3706 cap.
1287 3592 1387 3679 alius
1410 3603 1470 3682 15.
1491 3630 1530 3711 q.

343 3708 381 3785 ἃ
400 3705 470 3896 dl„
486 3702 677 4013 811118ἐὲ1ιί
708 3816 876 3901 Petrum
903 3832 1181 3932 cognomento
1213 3819 1421 3904 crudelem
1449 3821 1532 3908 Le·

344 3925 489 4035 gionis,
517 3941 560 4011 et
638 3928 761 4015 stella
780 3928 955 4043 Regem,
981 3929 1077 4046 quia
1094 3929 1137 4014 in
1156 3958 1251 4015 suos
1264 3930 1447 4015 subditos
1460 3934 1532 4020 de-
1598 3967 1600 3970 ⁴

347 4036 486 4122 saeuire
509 4037 678 4143 solebat,
708 4040 919 4127 communi
946 4069 1177 4166 procerum,
1203 4060 1247 4128 et
1272 4044 1532 4157 popularium

1358 4184 1531 4244 consen-
