1054 1258
770 36 795 49 δι

229 67 280 88 Asia
290 72 337 86 cum
348 65 460 86 Turcarum
475 65 559 87 Sultano
574 65 642 94 signis,
651 66 716 87 victus
725 65 746 86 in
756 70 824 94 potes-

229 98 292 115 tatem
301 94 380 114 barbari
394 94 458 114 hostis
470 93 560 118 deuenit,
570 94 581 114 ξ
594 101 635 121 quo
646 93 774 122 proculcatus
788 101 824 122 pe-

229 123 287 143 dibus
298 125 333 142 est.
364 121 409 141 Imo
419 128 526 150 asoensuro
536 121 557 142 in
570 121 649 147 solium,
661 122 824 150 descensumque

228 151 313 170 barbaro
324 149 376 177 Regi
388 150 492 177 Augustus
501 156 538 177 pro
549 149 636 170 scabello
644 150 749 170 seruiebat.
768 150 825 170 Baia-

229 182 284 198 zetes
300 177 362 198 etiam
378 177 489 198 Turcarum
506 177 551 198 Rex
566 177 578 197 a
595 177 715 198 Tamerlane
731 177 824 198 Tartaro-

229 213 274 226 rum
286 206 343 232 Rege
353 205 425 230 victus,
435 209 457 226 et
466 209 536 233 captus
546 209 583 230 est,
592 209 614 226 et
623 205 644 226 in
654 213 715 226 cauea
725 205 789 226 ferrea
799 205 825 225 ad

230 234 339 254 ludibrium
350 237 468 253 reseruatus.
494 233 590 253 Caenante
604 233 730 258 Tamerlane,
744 233 825 253 Baiaze-

230 265 260 282 tes
271 265 342 281 catena
355 268 414 281 aurea
424 260 477 282 collo
491 261 566 281 inserta
579 261 633 281 inter
647 268 706 282 canes
721 261 757 281 sub
767 268 825 281 men—

230 296 251 309 sa
261 289 329 309 cibum
337 289 440 316 capiebat:
455 292 476 309 et
483 288 598 309 Tamerlani
606 296 681 316 equum
689 296 824 309 conscensum

230 317 352 337 substratum
367 321 447 344 tergum
461 317 572 344 praebebat,
588 316 639 337 adeo
656 317 739 337 barbare
755 317 825 337 barba-

230 352 263 365 rus
281 344 327 365 Rex
344 345 356 365 ἐι
373 344 430 372 Rege
446 345 552 369 barbaram
571 345 697 365 tractabatur.
728 344 825 365 Galienus

231 373 292 393 etiam
303 372 463 393 infelicissimum
473 372 555 393 sortitus
565 376 596 393 est
605 372 673 393 finem.

259 400 312 420 Haec
326 400 421 428 exempla
435 400 583 428 Imperatorum
599 400 720 426 Gentilium,
738 407 773 421 seu
789 399 826 420 Pa-

231 435 329 455 ganorum
340 428 380 448 sint
390 428 447 449 satis:
462 428 528 460 aliqua
542 428 603 449 etiam
614 428 773 449 Christianorum
786 427 826 448 Im-

232 460 347 483 peratorum
357 456 391 476 hic
400 456 474 477 referre
483 456 539 477 hbet.

259 485 285 504 84
300 484 366 512 Philip
383 490 405 504 us
419 488 483 511 pater,
496 484 508 504 ἒ,
522 491 563 512 quo
577 484 647 504 dolose
662 484 780 505 interfectus
795 488 826 505 est

233 512 360 532 Goardianus
368 491 401 532 ¹Im
418 516 490 537 erator,
504 515 588 539 accepto
601 511 696 540 Imperio,
709 512 825 540 Philippum

231 540 295 560 filium
306 540 383 560 socium
410 540 480 567 mperij
495 540 549 560 fecit.
578 539 672 560 Ceterum
690 544 748 561 sexto
762 540 826 561 ferme

232 575 286 588 auno
297 567 353 595 Decij
365 568 412 588 dolo
427 568 494 588 necati
523 567 644 595 rincipatum
654 568 730 588 scelere
754 572 827 592 artum,

232 596 275 623 pari
285 595 362 616 scelere
372 596 487 616 amiserunt
536 595 572 616 ulti
580 596 674 616 authores
684 600 731 616 sunt
755 603 777 616 os
787 596 827 623 pri—

233 631 278 644 mos
289 623 429 644 Rornanorum
441 623 590 651 Imperatorum
601 623 725 644 Christianos
734 623 801 644 fuisse.

261 651 350 672 Iulianus
361 651 450 679 Imperio
459 652 536 679 potitus
552 652 686 672 Christianam
697 652 827 680 Religionem

233 680 328 704 deseruit,
338 680 385 700 ideo
399 680 505 708 Apostatae
520 686 635 707 cognomen
650 680 744 705 obtinuit,
758 679 827 700 multis

233 708 306 732 modis,
316 712 336 728 et
345 707 448 728 fraudibus
459 707 587 728 Catholicum
596 714 673 729 nomen
682 707 758 728 afflixit.
789 707 828 728 Sed

233 743 275 756 non
285 735 320 756 diu
330 735 358 756 rei
370 735 489 756 Christianae
498 740 616 756 vexatorem
623 735 680 757 Deus
689 735 741 756 tulit.
753 735 828 756 Secun-

234 763 260 783 do
271 763 326 783 enim
338 763 418 791 Imperij
429 770 490 788 anno,
504 770 550 784 cum
560 763 637 784 bellum
647 763 712 784 Persis
721 763 828 788 intulisset,

234 791 297 811 Ducis
307 791 376 812 fraude
385 791 407 811 in
417 791 498 812 insidias
508 791 587 816 cecidit,
594 798 636 811 non
646 791 689 812 sine
699 798 720 811 m
747 798 772 811 na
782 798 829 811 suo-

234 826 279 839 rum
289 823 359 846 strage.
390 819 439 839 Sunt
449 819 483 847 qui
489 823 577 844 narrant,
591 819 662 846 sagitta
672 819 698 840 de
707 826 737 840 cae
745 826 758 839 o
768 819 829 839 missa

234 847 353 867 transfixum
370 847 504 867 exclamasse:
530 847 593 867 Vici-sti
612 848 698 868 Galilaee.
724 847 756 868 Sic
773 846 829 867 enim

236 875 338 895 Christum
349 882 385 902 per
400 875 509 895 ludibrium
524 874 643 903 appellabat.
672 875 750 903 Impius
759 878 828 895 tamen

234 903 262 922 im
278 902 297 923 ie
307 902 407 923 occubuit.

264 910 338 951 calens
353 930 473 958 Imperator,
488 935 510 952 et
525 931 632 954 haereticus
646 931 743 952 Arrianus
754 930 829 951 Catho-

235 958 297 979 licum
307 965 383 979 nornen
393 959 468 986 tragice
483 959 571 984 venuit,
585 963 606 980 et
621 959 694 980 Basilio
711 958 788 1006 Magno
799 958 829 978 in-

489 994 501 1007 L
770 992 829 1007 ensus
