1054 1258
778 72 805 92 75

229 118 265 131 nes
275 110 337 138 leges,
351 110 461 138 omniaque
472 111 514 131 iura
524 110 648 138 permittant.

256 141 283 159 80
308 139 398 159 Primum
413 146 462 166 ergo
477 138 594 166 exemplum
613 139 639 159 sit
655 145 681 159 ex
694 138 746 159 libro
761 139 831 159 21³2-

226 167 367 194 ralipomenon
378 174 388 187 c
429 168 461 187 26.
469 167 502 187 vbi
511 166 598 194 legimus
607 166 679 187 Oziam
687 166 774 198 Regem,
783 174 831 187 cnm

228 195 360 215 Sacerdotnm
374 174 463 215 offipciuni
478 198 589 222 vsurparet‚
604 195 628 215 ab
645 194 718 215 Azaria
734 195 831 215 Sacerdo-

226 227 247 243 te
257 227 278 243 et
287 222 385 243 Pontifice
392 222 453 243 fuisse
459 222 485 243 de
491 222 569 250 templo
577 223 672 247 eiectum,
683 226 704 243 et
713 229 759 243 cum
769 230 831 250 prop-

227 255 257 270 ter
267 250 321 271 idem
332 254 439 278 peccatum
449 250 506 278 lepra
515 257 621 278 percussus
631 258 642 270 a
654 250 698 271 Deo
708 250 784 276 fuisset,
796 258 831 271 co·-

227 283 294 298 actum
306 279 367 298 etiam
376 278 436 299 fuisse
446 285 472 299 ex
482 279 531 299 vrbe
541 278 652 303 discedere,
666 283 687 298 et
698 278 793 306 Regnum
808 278 831 298 fi-

226 306 254 326 lio
274 307 403 326 renunciare:
423 313 469 326 cum
485 310 553 327 tamen
569 310 629 326 antea
643 307 715 331 bonus,
731 310 752 326 et
766 306 831 327 fidelis

227 334 272 354 Rex
279 338 339 358 esset,
346 338 367 354 vt
376 334 395 354 in
402 334 469 362 capite
477 334 539 354 citato
545 338 641 354 narratur.
658 334 705 354 Hoc
712 334 830 362 exemplum

226 362 279 382 bene
303 366 371 389 potest
390 362 540 382 accommodari
560 361 653 382 Henrico
673 362 751 382 Octavo
778 362 830 389 Regi

227 390 309 417 Angliae
319 397 353 417 qui
364 397 418 410 anno
430 391 487 410 1535.
498 397 535 417 per
545 389 681 417 tyrannidem,
695 397 716 410 se
730 390 830 410 nominari

226 407 290 438 voluit
307 422 368 445 caput
383 417 497 438 Ecclesiae
492 425 513 438 m
528 417 674 445 temporalibus
689 422 710 438 et
724 418 831 445 spirituali-

226 446 269 470 bus,
282 453 379 473 vsurpans
393 445 482 466 officium
494 446 572 466 Summi
587 445 697 470 pontificis,
709 450 730 466 et
744 445 830 466 aliorum

225 473 382 505 Episcoporum.
404 473 471 496 Quare
481 473 543 501 lepra,
553 473 605 494 idest
614 473 687 494 haeresi
698 473 784 494 infectus
794 477 831 498 est,

225 501 303 528 fuitque
314 501 421 521 haereticus
430 509 493 529 vsque
508 501 533 521 ad
550 505 653 526 mortem;
667 501 723 529 lepra
739 501 794 522 enim
810 501 831 521 in

225 530 285 549 sacris
305 529 367 549 literis
386 529 486 556 significat
503 529 564 549 etiam
581 517 681 554 haeresim,
704 533 726 549 vt
746 529 831 550 Sanctus

227 558 361 584 Augustinus,
376 561 396 577 et
406 557 438 584 alij
449 557 570 584 interpretes
580 557 663 577 docent.

253 587 277 604 81
310 585 425 605 Secundum
440 585 559 612 exemplum
578 585 677 606 habemus
694 585 745 606 libro
760 587 779 605 2
795 585 831 605 Pa-

225 613 368 641 ralipomenon
379 620 422 640 cap.
433 614 460 634 23
470 613 503 634 vbi
514 620 560 633 cum
573 613 655 634 Athalia
667 613 748 641 Regina.
764 617 832 640 tyran-

225 642 271 661 nice
290 649 341 661 occu
357 645 410 661 asset
435 641 537 668 Regnum,
559 645 580 661 et
599 645 730 673 promoueret
752 641 830 661 cultum

226 669 280 694 Baal,
296 649 364 689 loiagfl
375 658 479 689 ΡοιηίΐεχΕ
480 676 597 689 conuocatis
607 669 743 694 centmiones,
758 673 779 689 et
793 670 831 689 mi-

224 697 276 721 lites,
290 697 347 717 iussit
362 697 397 722 eis,
417 701 439 717 vt
457 697 562 717 Athaliam
578 697 723 722 interficerent,
739 697 795 725 quod
810 701 831 717 et

224 713 360 745 feceiu11t2et
367 732 403 752 pro
411 732 435 745 ea
442 725 487 745 Ioas
496 724 575 752 Regem
584 725 666 745 creauit.
690 725 773 753 Duplex
781 732 830 752 ergo

224 760 284 773 causa
293 753 353 773 huius
367 753 508 780 depositionis,
522 756 543 773 et
558 753 665 773 occisionis
683 753 772 773 Athaliae
786 742 831 777 suit,

224 781 321 807 tyrannis,
336 784 356 800 et
366 781 415 801 falsa
424 780 502 807 religio,
517 788 553 801 seu
563 780 683 805 idololatria,
697 785 719 801 vt
734 788 759 801 ex
774 787 831 801 sacro

224 808 292 829 Textu
312 808 418 835 colligitur.
449 808 496 829 Hoc
518 808 580 829 etiam
599 797 718 836 exemplum
740 808 830 829 Athaliae

224 837 279 857 recte
289 836 385 864 applicari
395 840 463 868 potest
473 836 582 857 Elisabetae
591 836 678 864 Reginae
686 836 775 864 Angliae,
784 843 830 863 qnae

224 865 328 891 tyrannice
339 864 454 892 occupauit,
468 868 489 885 et
498 853 733 891 guberna11it³Regnum
748 865 831 884 441111-

224 893 262 917 nis,
276 893 363 912 haereses
374 892 484 919 promouit,
499 896 520 912 et
531 891 656 912 Catholieam
664 892 735 917 fidem,
745 896 765 912 et
773 892 830 912 Reli-

223 921 306 947 gionem
317 920 458 947 impunnauit·
473 920 598 947 tandemque
614 920 670 947 obilt,
684 924 706 940 et
720 919 745 940 ad
755 920 830 940 inferos

223 948 272 975 abijt
281 948 314 968 die
325 950 357 968 ‘23-
373 936 458 975 gQartij
453 955 507 968 anno
519 949 577 968 1602.
593 952 614 968 vt
629 928 722 968 noiinulli
732 948 829 972 scribunt,

223 976 315 1003 quamuis
326 976 358 995 alii
367 976 436 996 dicant
446 976 519 1002 obiisse
529 975 562 996 die
572 977 590 995 4.
601 975 680 1007 Aprilis
690 982 744 995 anno
757 977 814 996 1603.

251 1005 278 1023 82
306 1003 412 1024 Nonnulla
432 1003 469 1024 alia
489 1003 584 1031 exempla
600 1003 621 1023 in
639 1003 699 1024 sacris
715 1003 779 1024 literis
794 1010 830 1023 ex-

760 1038 829 1059 pressa
