3456 4734
379 308 435 390 88

434 392 437 406 l

20 493 24 506 ·
166 494 174 511 ·
267 564 268 571 Ν
328 457 530 572 Georgius
550 459 680 546 Lilius
707 457 820 544 inE
850 461 979 548 itome
1004 459 1227 555 Chronices
1240 458 1520 574 *negamus-

324 571 703 683 giorumNicolaus
733 573 810 656 San
874 601 940 656 rus
967 571 1035 657 lib.
1061 579 1095 658 1.
1114 574 1168 656 de
1188 569 1411 657 Schismate
1431 573 1521 655 An·

352 681 499 785 licano,
512 713 602 796 pag.
617 688 712 767 222
723 684 767 767 in
778 683 960 769 editione
976 683 1178 785 Romana,
1187 701 1231 768 et
1245 682 1310 794 alij
1325 682 1518 796 historici.
1561 724 1564 729 ·
1685 782 1694 798 ff

325 711 418 878 imo
437 794 517 877 hoc
536 793 625 908 ipso
646 824 755 880 anno
786 795 936 880 Christi
960 799 1075 881 1645.
1094 795 1139 879 in
1158 825 1242 908 quo
1260 795 1347 877 haec
1370 793 1519 895 scribo,

330 904 455 1015 Angli
485 906 663 1011 haeretici
687 905 883 1009 ‚Purituni
907 905 973 992 vel
986 997 990 1006 ,
1003 905 1229 992 Caluiniani
1250 903 1521 990 Parlamenta-
1603 980 1606 987 .

325 1016 370 1127 rij
392 1031 509 1100 atrox
527 1035 675 1130 gerunt
693 1018 847 1102 bellum
873 1047 968 1103 cum
996 1016 1114 1130 Rege
1133 1047 1216 1101 suo
1228 1016 1374 1101 Carolo
1393 1015 1521 1101 haere-

325 1128 408 1210 tico
428 1130 566 1229 etiam,
585 1129 656 1212 sed
676 1129 927 1231 Lutherano,
946 1129 1012 1214 vel
1032 1128 1287 1214 Protestante
1308 1127 1402 1222 Quo
1421 1129 1522 1229 iure,

325 1239 391 1322 vel
411 1269 491 1350 qua
511 1240 683 1324 iniuria?
740 1241 822 1354 lpsi
842 1241 1030 1326 viderint.

378 1357 435 1434 92
463 1350 602 1434 Placet
629 1352 753 1435 etiam
780 1355 911 1436 breue·
935 1349 1099 1464 aliquod
1125 1352 1318 1465 Elogium
1349 1349 1521 1437 Henrici

325 1463 459 1545 octaui
491 1462 618 1573 Regis
648 1462 805 1576 Angliae
834 1461 922 1575 (qui
945 1478 1008 1546 tot
1027 1461 1241 1566 malorum,
1260 1479 1304 1547 et
1322 1463 1518 1548 haeresum

324 1603 443 1656 causa
462 1574 614 1686 extitit)
633 1575 909 1678 hiciuserere,
927 1576 997 1688 qui
1015 1573 1092 1659 etsi
1111 1577 1136 1656 a
1155 1577 1238 1659 suis
1262 1573 1421 1704 Anglis,
1443 1604 1521 1658 uec

325 1684 475 1795 Regno
494 1687 674 1770 necvita
687 1685 810 1771 fuerit
822 1687 1017 1800 priuatus,
1036 1701 1081 1768 rt
1098 1686 1230 1770 multo
1250 1713 1379 1797 magis
1397 1714 1520 1798 quam
1584 1753 1586 1757 .

317 1794 539 1879 Eduardus
559 1797 761 1881 secundus
784 1801 1039 1909 merebatur3
1062 1798 1358 1910 omnipotentis
1380 1812 1520 1883 tamen

215 2007 219 2022 „
323 1907 405 1992 Dei
435 1936 604 1990 manum
622 1938 707 1993 nec
732 1909 863 2012 viuus,
885 1938 963 1994 nec
985 1907 1202 1993 destructus
1235 1909 1414 2021 effugere
1446 1938 1523 2021 po·

323 2019 412 2101 tuit.
444 2019 555 2123 Nam
570 2020 612 2102 in
627 2021 703 2103 hac
715 2020 798 2104 vita
812 2021 1146 2122 infamenomen,
1157 2038 1199 2105 et
1213 2019 1412 2104 scelerum
1428 2049 1521 2104 suo·

323 2157 415 2212 rum
435 2131 709 2215 execrabilem
730 2132 894 2245 reliquit
911 2133 1169 2216 memoriam:
1193 2133 1292 2217 etin
1318 2130 1443 2216 altera
1461 2129 1521 2213 vi·
1649 2228 1653 2232 ,

327 2255 370 2323 ta
416 2241 683 2326 ehennalibus
702 2243 878 2326 flammis
900 2241 1141 2328 aetemaliter
1158 2243 1236 2327 fuit
1253 2242 1520 2356 mancipatus.
1635 2337 1637 2345 Ι

381 2270 464 2436 fiio
495 2382 592 2465 ergo
626 2353 831 2439 Henricus
869 2355 1004 2468 primo
1036 2353 1113 2438 fuit
1138 2354 1371 2438 Catholicus
1405 2352 1549 2437 Prin-r

324 2493 434 2575 ceps
457 2463 687 2577 eximiaque
714 2468 895 2578 corporis
917 2466 1053 2553 forma
1079 2465 1282 2579 praeditus,
1310 2493 1388 2549 nec
1406 2465 1528 2660 inge&

318 2577 378 2687 ‚nij
400 2604 586 2679 acumen,
604 2605 682 2660 nec
710 2577 846 2691 indicij
875 2579 1097 2679 maturitas,
1124 2593 1167 2662 et
1193 2577 1371 2688 grauitas
1388 2578 1426 2661 ei
1476 2606 1519 2661 e·

322 2688 413 2769 fuit:
430 2690 543 2772 neca
557 2689 674 2771 bonis
688 2688 815 2772 literis
826 2689 905 2772 fuit
915 2688 1080 2772 alienus.
1108 2686 1518 2786 Liberaliumartium

266 2830 268 2835 ⁴
323 2797 526 2882 Doctores
553 2800 672 2901 fouit3
700 2815 742 2883 et
773 2800 1015 2912 quibusdam
1046 2799 1340 2912 professoribus
1368 2797 1519 2911 stipen-

302 2903 392 2992 'dia
410 2911 533 2993 auxit
563 2910 790 3023 Episcopos
809 2911 981 3013 Dauos,
1008 2927 1051 2995 et
1068 2911 1269 2995 virtuosos
1288 2911 1519 2996 nominauit
1564 2914 1568 2921 ’

324 3018 440 3129 (vno,
469 3023 532 3105 vel
562 3015 690 3107 altero
719 3027 911 3154 excepto)
943 3050 1117 3135 quorum
1139 3022 1334 3136 ‚plerique
1361 3037 1518 3133 postea,
1622 3025 1625 3031 ’

323 3148 523 3244 regnante
546 3133 753 3236 EduardO,
776 3150 820 3219 et
843 3134 1068 3234 Elrzabeta,
1086 3136 1139 3217 ob
1162 3132 1380 3218 Catholicae
1401 3131 1516 3219 Fidei

328 3243 641 3346 confessionem,
654 3273 848 3347 carceres,
866 3261 910 3331 et
922 3245 1084 3330 vincula
1099 3245 1319 3329 subierunt
1343 3242 1518 3328 Sanctis-

324 3354 474 3437 simum
503 3355 766 3440 Eucharistiae
787 3356 1091 3442 Sacramentum
1111 3383 1273 3439 summo
1293 3381 1455 3467 semper
1473 3357 1516 3439 in

324 3465 484 3550 honore
502 3467 656 3550 habuit.
702 3467 805 3578 Cum
834 3486 943 3555 esset
958 3467 1104 3551 decem
1134 3482 1176 3550 et
1199 3482 1295 3550 octo
1314 3494 1514 3550 annorum

322 3577 440 3660 duxit
468 3577 511 3660 in
540 3605 712 3661 uxorem
738 3578 1042 3665 serenissimam
1072 3576 1205 3661 Princi
1235 3605 1302 3662 ern
1334 3577 1516 3663 Cathari-

249 3674 254 3686 ’
323 3716 419 3772 narn
441 3688 742 3773 Catholicorum
774 3689 982 3804 Hispaniae
1012 3690 1175 3801 Regum
1205 3608 1450 3774 lerdinandi
1474 3705 1516 3774 et

325 3798 545 3883 Elizabetae
576 3799 716 3901 filiam,
740 3815 796 3885 ex
808 3832 904 3996 plna
922 3800 1100 3913 suscepit
1118 3816 1198 3884 tres
1216 3799 1336 3901 filios,
1354 3813 1396 3884 et
1415 3799 1513 3884 duas

323 3908 438 4012 filias,
456 3938 508 3995 ex
529 3910 674 4024 quibus
696 3911 782 3994 sola

328 4023 404 4128 bus
422 4037 625 4135 superstes
648 4023 811 4127 mansit,
837 4042 879 4111 et
899 4024 1090 4136 Philippo
1109 4021 1289 4106 secundo
1310 4021 1417 4134 Regi
1439 4024 1513 4106 Ca-
1650 4039 1664 4099 ·.

324 4131 479 4267 tholico
498 4149 641 4245 postea
659 4134 807 4245 nupsit
1419 4132 1512 4218 Rex
1582 4226 1586 4233 ,

859 3915 941 3998 aria
958 3928 1053 3998 nata
1065 3939 1173 3995 anno
1196 3916 1313 3995 1515.
1336 3913 1516 4023 parenti·
1547 3910 1549 3914 ⁴
