3456 4734
391 287 471 364 lla

338 441 507 524 dextera
535 439 734 541 Vtebatur,
760 440 812 538 ‘th
829 435 976 520 dicitur
993 433 1036 518 in'
1055 432 1166 518 libro
1180 434 1366 521 Iudicum
1383 444 1473 550 cap·
1493 447 1532 524 3.

338 580 437 635 num
459 556 518 635 15.
535 551 577 634 in
591 579 714 662 quern
728 548 866 632 locum
884 546 1071 658 Origines
1090 547 1258 631 homilia
1273 557 1311 632 3.
1332 549 1390 632 sic
1406 544 1536 634 habet
1559 567 1561 575 '

341 664 442 745 Ecce
454 664 728 773 qualitatium,
739 661 1072 770 qnisuscitutnrud
1080 661 1304 741 soluendum
1312 663 1454 758 Israel,·
1470 667 1534 746 'ni

337 776 394 856 ln'l
410 775 637 856 hubelinae
660 776 849 856 sinistrum
853 809 866 868 ,·
900 771 1177 879 sedatumque
1195 801 1347 853 monum
1361 775 1533 856 deutrum

336 888 447 968 lubet
461 889 600 994 dignus
609 888 757 994 quidem
766 896 820 965 est
825 884 960 992 populi
964 883 1158 990 princeps,
1172 880 1533 968 etEcclesice'Iuden

338 1001 403 1106 qui
417 999 514 1079 nilsil
526 999 610 1106 ogit
622 1000 813 1079 sinistrum
817 1031 830 1093 ,ἡ
845 997 913 1075 sed
927 995 1087 1102 utrique
1094 1006 1211 1101 purte
1225 996 1355 1076 dexter
1362 1009 1416 1077 est
1427 1000 1468 1079 in
1472 1001 1533 1103 fi-

314 1107 317 1110 ’
340 1112 388 1190 cle
406 1112 537 1190 deuter·
551 1121 616 1209 est,
628 1110 669 1191 in
689 1109 832 1190 actibus
846 1109 975 1187 deuter
989 1116 1057 1206 est3
1076 1106 1174 1186 ninii
1189 1106 1355 1188 lobetde
1372 1109 1448 1190 illis
1465 1115 1532 1217 qui
1559 1176 1562 1189 .

341 1221 573 1311 collocantur
590 1223 616 1300 ά
634 1222 802 1301 sinistris.
846 1215 901 1299 Et
919 1215 1021 1298 infra
1039 1213 1180 1298 eisdem
1202 1215 1390 1300 homilia
1428 1222 1532 1304 Puto

340 1332 443 1440 qstoel
458 1335 658 1414 secundum
684 1331 918 1440 spiritualem
945 1329 1235 1435 intelligentiam
1255 1333 1375 1412 salicti
1406 1336 1533 1416 ornnes

338 1442 573 1526 ambidextri
586 1445 789 1538 dicuntum
822 1443 844 1522 ἑ
868 1441 1059 1520 contrario
1072 1439 1256 1540 diabolus,
1274 1455 1310 1520 et
1326 1443 1537 1553 Principes

339 1556 528 1636 etnamti
542 1557 682 1636 sinistri
693 1556 886 1647 dicuntum
905 1563 1021 1631 tutum
1032 1551 1130 1631 enim
1144 1555 1248 1658 quod
1263 1566 1399 1662 agunt,
1420 1552 1532 1654 sinis
1630 1633 1635 1637 .

338 1667 436 1747 trum
448 1677 513 1766 est,
527 1677 885 1773 lampernessam,
898 1666 1037 1744 totnmi
1093 1662 1107 1742 i
1126 1692 1159 1742 ce
1175 1692 1264 1744 erno
1286 1690 1369 1745 cum
1386 1669 1447 1775 ijs,
1464 1673 1532 1777 qui

338 1782 364 1857 ά
378 1779 535 1860 sinistris
547 1789 634 1858 sunt
651 1779 881 1885 depilatum.
915 1771 1043 1855 Haee‘i
1060 1772 1109 1855 le.
1169 1771 1290 1856 Vnde
1308 1777 1450 1885 quinta
1467 1809 1531 1862 ra-

339 1888 398 1971 tio
424 1887 607 1988 sumitur,
627 1888 721 2016 quia
739 1887 959 1970 sanctiores
977 1884 1085 1966 viros
1109 1884 1250 1967 acriori
1277 1915 1415 1998 pugna
1443 1889 1537 1996 dia-¹

339 1999 458 2083 bolus
472 1998 741 2112 prosequrtur,
781 1997 938 2098 leuiori,
960 1993 1025 2078 vel
1043 1995 1155 2077 nulla
1181 1996 1455 2108 imperfectos,
1484 2019 1531 2086 vt

246 2189 252 2198 .
339 2105 477 2242 aperte
496 2110 647 2193 docent
665 2110 782 2193 multi
806 2107 946 2209 sancti,
977 2135 1150 2216 quorum
1179 2109 1413 2192 testimonia
1445 2113 1531 2198 iam

337 2239 431 2306 erto.
491 2220 644 2350 Regius
664 2219 788 2306 Vates
814 2220 972 2332 psalmo
1000 2225 1065 2302 36.
1100 2220 1268 2334 nomine
1303 2227 1529 2333 peccatoris

337 2333 545 2418 diabolum
564 2331 754 2443 rntelligit
767 2331 917 2414 dicens.
951 2331 1174 2412 Consideret
1186 2337 1528 2442 peccatoriustnm,

336 2459 372 2528 et
399 2447 538 2556 querit
554 2447 794 2551 'mortificare
821 2471 916 2526 enm.
964 2439 1044 2524 Vbi
1075 2440 1244 2525 Sanctus
1270 2443 1526 2532 Ambrosius·

340 2557 425 2655 Quo
452 2559 577 2666 magis
594 2559 712 2638 iustus
729 2553 782 2637 est
800 2558 1011 2663 quisquam,
1029 2581 1073 2634 eo
1095 2557 1216 2662 nrugis
1239 2556 1298 2636 illi
1324 2559 1529 2643 insidiatur

208 2765 215 2781 ὦ
335 2671 516 2752 inimicus.
548 2666 810 2762 Quod-etiam
833 2666 870 2748 S
893 2664 1113 2776 Gregorius
1132 2663 1419 2751 Nazianzenus
1438 2700 1529 2755 ora·

334 2781 448 2864 tione
466 2786 516 2863 18
528 2778 666 2862 multis
680 2775 856 2862 declarat
875 2774 1086 2888 exemplis
1128 2779 1322 2859 Diabolus
1336 2782 1377 2861 in
1395 2776 1528 2865 Para

333 2885 458 2975 disum¹
472 2895 656 2973 aduersus
674 2917 770 2991 enm,
787 2891 854 2999 qni
863 2892 1013 2998 primus
1030 2891 1169 2996 epletus
1186 2901 1252 2990 est,
1275 2891 1325 2971 ab
1346 2891 1454 2976 initio
1472 2901 1541 3003 ir·-u

332 3008 463 3114 repsit,
481 3016 518 3085 et
529 3005 672 3085 median
685 3009 783 3085 inter
805 3001 974 3110 Angelos
985 3011 1074 3101 stat,
1092 3002 1226 3082 Iobnnr
1244 3005 1299 3082 ad
1314 3003 1526 3088 acuatum

331 3117 549 3224 deposcens
564 3127 805 3222 acpostremo
815 3113 1019 3194 Dominum
1034 3114 1158 3222 ipsum
1169 3115 1316 3197 adoriri
1326 3143 1401 3197 non
1415 3112 1536 3202 unta

330 3241 400 3326 tut,
418 3228 537 3335 eique,
552 3228 618 3334 qui
628 3227 724 3306 nulli
737 3226 935 3306 tentationi
946 3225 1126 3305 oenones
1138 3235 1204 3324 est,
1216 3229 1456 3332 tentationem
1471 3233 1527 3314 od
1559 3303 1563 3311 .

332 3350 466 3437 monet,
480 3341 589 3447 qsiasi
602 3340 723 3446 ursum
745 3362 894 3446 quoque
910 3346 1167 3444 superaturus
1226 3336 1383 3430 Quibus
1399 3339 1524 3452 plane

333 3449 465 3533 verbis
493 3448 587 3530 satis
620 3446 812 3559 exprimit
840 3474 1010 3557 magnus
1040 3445 1115 3529 iste
1146 3446 1381 3560 Theologus
1405 3483 1524 3540 acer.

330 3563 480 3644 rimum
510 3558 661 3643 diaboli
690 3573 882 3641 conatum
911 3557 963 3640 ad
990 3557 1170 3670 optimos
1194 3587 1378 3673 quosque
1402 3594 1523 3678 supe-

330 3670 477 3755 randos
507 3686 549 3754 et
578 3669 820 3781 perdendos
891 3667 1012 3754 Vnde
1043 3669 1211 3754 Sanctus
1241 3671 1523 3786 Hieronymus

331 3783 374 3864 in
393 3783 565 3893 epistola
592 3782 644 3865 ad
671 3781 940 3864 Eustochium
970 3779 1024 3864 de
1053 3782 1238 3865 custodia
1265 3783 1517 3899 virginitatis

327 3895 423 3976 Non
437 3894 580 4003 quaid
591 3895 763 3976 diabolus
775 3895 940 3976 tornines
952 3894 1136 4002 infideles,
1152 3922 1228 3977 non
1246 3923 1321 3998 eos,
1345 3902 1523 4010 quison's

327 4016 426 4110 sunt,
436 4007 664 4090 deEcclesin
672 4004 809 4088 Christi
816 4033 955 4117 rapae
952 4006 1129 4115 festinat.
1142 4008 1220 4090 lob
1229 4008 1523 4098 aduerterent

1431 4143 1520 4254 Plu
