3456 4734
385 322 442 403 54

326 475 510 587 intellige
530 477 802 607 proprietatis,
821 476 891 562 vel
910 477 1104 576 vtilitatis,
1131 478 1227 590 quia
1250 491 1419 591 vtraque
1446 509 1522 592 po-

326 602 409 673 test
420 588 633 702 praescribr.
676 588 918 673 Dominium
940 591 1212 704 proprietatis,
1233 590 1299 673 vel
1318 592 1519 674 directum

329 716 393 784 est
415 701 697 896 quandpppuis
718 699 844 784 habet
867 701 1098 784 dominium
1122 703 1333 816 proprium
1352 703 1521 786 alicuius

328 813 451 912 rei,v.
465 843 548 927 g.p
629 814 669 925 ij,
693 813 833 914 vineae,
862 816 934 897 &c
977 813 1221 896 Dominium
1244 815 1438 915 vtilitatis,
1455 815 1522 899 vel

330 925 430 1008 vtile
458 939 532 1026 est,
556 924 720 1037 quando
749 927 839 1036 quis
871 925 996 1010 habet
1025 926 1087 1007 ius
1115 925 1342 1038 accipiendi
1367 927 1521 1009 fructus

329 1036 421 1118 talis
432 1037 504 1138 rei,
514 1037 612 1120 licet
623 1065 688 1120 res
699 1036 751 1119 sit
761 1036 903 1121 aliena.
920 1037 1080 1120 Dicitur
1097 1038 1522 1146 (peremtiouationem

323 1149 580 1260 possessionis)
597 1147 691 1260 quia
704 1150 905 1261 possessio
919 1148 1044 1233 debet
1057 1176 1147 1233 esse
1161 1149 1367 1251 continua,
1381 1163 1423 1232 et
1438 1152 1521 1230 non

331 1261 570 1372 interrupta,
604 1275 650 1343 vt
685 1262 845 1373 patebit
878 1289 931 1345 ex
967 1260 1071 1344 infra
1106 1260 1301 1343 dicendis.
1362 1259 1523 1368 Dicitur

332 1369 581 1484 (bonaefidei)
593 1372 696 1484 ¹quia
714 1373 802 1456 sine
815 1375 924 1457 bona
939 1371 1023 1456 fide
1041 1401 1125 1455 non
1145 1388 1283 1483 potest
1300 1373 1386 1455 dari
1404 1401 1523 1483 praes-

330 1483 489 1596 cripti0,
514 1499 560 1567 vt
586 1483 689 1567 infru
711 1485 836 1568 etiam
853 1484 1208 1568 demonstrabitur·
1237 1483 1399 1566 Dicitur
1417 1482 1524 1593 (spo-

330 1599 382 1678 tio
419 1599 608 1708 torporis,
629 1597 713 1709 ds)
744 1597 840 1708 quia
871 1600 1127 1696 cumrerum
1158 1596 1388 1699 dominium
1404 1625 1522 1679 ·vnus

330 1709 501 1810 amittat,
523 1723 566 1791 et
589 1708 689 1791 alius
717 1709 910 1820 acquirat,
928 1722 1123 1790 statutum
1143 1723 1206 1791 est
1223 1707 1521 1811 iur'e·humano

331 1821 382 1903 ad
400 1818 601 1903 tollendas
629 1817 733 1920 lites,
762 1836 805 1904 et
831 1819 1139 1904 incertitudines
1162 1818 1440 1922 dominiorum
1460 1851 1523 1904 re-

329 1932 434 2032 rum,
470 1931 633 2042 aliquod
670 1924 834 2044 tempus
864 1938 923 2016 'ex
955 1930 1113 2042 legibus
1149 1930 1520 2033 determinandum,

330 2044 555 2127 secundum
592 2041 848 2127 conditiones
880 2043 1137 2144 necessarias,
1173 2042 1226 2126 de
1254 2041 1401 2154 quibus
1438 2044 1520 2126 iam

330 2155 434 2237 dico.
736 2217 738 2220 -
1113 2217 1115 2220 .
1474 2226 1478 2230 .

383 2273 438 2349 54
468 2267 663 2365 Quatuor,
685 2264 776 2350 'vel‘
800 2264 982 2378 quinque
1016 2265 1276 2350 ‘conditiones
1306 2266 1519 2376 requirun-

328 2393 407 2477 tur,
425 2394 469 2460 vt
485 2378 733 2490 prescriptio
751 2377 858 2480 vera,
883 2376 1079 2460 ret-valida
1092 2377 1159 2458 'sit
1184 2375 1320 2460 Prima
1338 2376 1521 2460 conditio

330 2505 392 2572 est
405 2495 624 2598 continuata
631 2486 814 2599 pouessio
824 2493 883 2572 rei
890 2484 1179 2599 procidendo.
1196 2487 1397 2574 Secunda·
1404 2490 1520 2571 Bona

314 2603 430 2708 fides.
451 2599 600 2684 Tertia.
627 2603 778 2712 Titum
792 2599 1345 2713 probabiliterproerumptua.
1369 2600 1522 2693 Quarta

334 2715 498 2824 Tempta
516 2716 542 2793 ά
558 2716 643 2795 iure
659 2708 1059 2821 dffndum,2Quirita.3
1080 2714 1299 2822 &pacilus
1312 2715 1456 2817 odida,
1483 2728 1521 2794 et

324 2829 492 2953 porsina.
550 2823 614 2907 Ita
645 2822 1129 2936 'Doctoresjsupra'c‘ita'ti
1161 2824 1206 2907 et
1236 2821 1303 2935 oh'j
1322 2834 1518 2906 commu-

325 2953 442 3019 mter.
808 2962 1010 3007 .-.;
1136 3003 1195 3012 ..
1479 2956 1511 3015 ..ς

380 3055 436 3132 55
462 3038 597 3131 Prima
630 3055 727 3161 ergo
751 3045 956 3151 conditio,
978 3076 1073 3159 ,quae
1096 3049 1171 3130 ‘est
1203 3037 1415 3160 possessio,
1454 3065 1516 3133 est

327 3156 433 3266 adeo
449 3160 692 3261 necessaria,
714 3176 773 3242 vt·
780 3162 870 3243 sine
887 3159 957 3270 illa
971 3187 1026 3242 ne·
1052 3176 1147 3243 ueat
1166 3157 1251 3242 dari
1269 3161 1517 3287 praescriptio

326 3271 439 3353 iuxta
458 3269 639 3384 regulam
650 3271 747 3379 ,sine
765 3187 1085 3386 possessionela
1099 3269 1152 3354 de
1172 3267 1458 3383 Regulisiuris
1472 3274 1516 3355 in

325 3390 361 3466 6.
373 3383 441 3466 ibi.
458 3386 549 3465 Sine
552 3387 785 3492 possessione
845 3385 1309 3494 aescnpliooonproc'edit.
1339 3380 1396 3464 Et
1408 3382 1528 3490 Doc'»,

324 3510 433 3579 tores
452 3494 747 3578 communiter·
769 3516 782 3556 -·
829 3490 1407 3606 oec'tamen'possessiodebet
1426 3524 1514 3578 esse

324 3602 572 3711 continuata,
589 3608 733 3690 namsi
753 3607 806 3689 in
813 3600 956 3717 aliquo¹
966 3611 1061 3688 ca'su
1074 3620 1220 3708 cesset,-
1233 3603 1517 3708 dormiat‚..vel

324 3717 652 3831 interrumpatur,
670 3747 754 3801 non
773 3713 892 3831 valet.
951 3713 1128 3835 Quando
1141 3736 1285 3800 autem
1302 3720 1514 3831 praescrip.

254 3903 257 3908 ,
322 3829 394 3927 tie,
412 3844 453 3912 et
473 3831 675 3940 possessio
695 3829 830 3932 currit,
851 3826 1035 3929 velnon,
1053 3825 1412 3941 incipit'veltnon,
1428 3832 1514 3912 ces:

322 3954 394 4039 sat,
418 3939 606 4041 dormiat,
632 3939 834 4025 interrum'
859 3956 964 4042 atur,
986 3955 1263 4052 perpetuatur,
1286 3943 1514 4052 seu³prote-
1603 4035 1608 4048 1

320 4056 464 4159 gutur?
502 4051 605 4136 Late
625 4050 775 4137 tractat
787 3970 948 4136 Militia
965 4065 1090 4135 tomo
1103 4057 1144 4134 lt
1160 4051 1213 4136 de
1223 4035 1513 4165 “lustitiatracg

314 4195 315 4199 ¹
1301 4238 1305 4245 .
1425 4179 1513 4246 tatu
