1054 1258
762 62 800 82 107

237 102 283 124 Quo
293 101 404 129 supposito,
413 100 520 128 multiplex
535 100 585 121 ratio
599 100 683 128 mystica
697 100 775 121 desumi
790 108 826 129 po-

234 133 275 150 test
284 136 310 150 ex
322 129 430 156 multiplici
447 128 592 155 significatione
606 128 673 149 dextri
688 128 748 154 oculi,
762 136 826 156 quem

234 156 326 177 diabolus
335 157 378 177 vult
387 156 503 177 hominibus
513 163 587 177 eruere.

262 186 275 205 7
303 184 371 205 Primo
381 192 402 205 er
416 191 429 204 o
438 184 491 209 loco,
507 184 578 204 dexter
592 184 661 205 oculus
676 184 775 212 significat
788 185 827 205 vir-

236 212 324 240 ginalem
335 212 432 233 Ecclesiae
442 215 523 236 statum,
536 212 615 233 sinister
624 212 683 232 coniu
698 212 757 237 alem,
766 213 828 233 inter-

250 244 292 261 rete
303 241 375 260 Sancto
385 240 512 267 Hieronymo
522 239 573 260 libro
585 241 601 260 l.
612 244 682 260 contra
702 240 827 261 ouinianum.

235 248 295 288 elude
311 268 403 295 quamuis
419 267 523 288 laudabilis
538 267 558 288 in
574 266 664 288 Ecclesia
679 268 704 288 sit
716 268 776 288 coniu
791 268 826 289 alis

234 300 303 320 status,
312 296 430 316 laudabilior
439 299 507 316 tamen
518 299 548 316 est
558 295 667 323 virginalis;
678 303 723 316 curn
734 296 767 316 hic
791 304 826 317 cx-

234 328 272 349 tro,
286 323 319 344 ille
329 324 409 344 sinistro
418 323 478 344 oculo
488 328 620 351 comparetur.
649 323 704 344 Hinc
718 324 783 351 prima
797 332 827 344 ra-

234 352 263 372 tio
277 352 362 379 mystica
378 351 484 379 colligitur,
499 351 546 378 quia.
559 351 606 371 huic
621 351 693 372 dextro
707 351 768 372 oculo
784 352 827 372 dia-

235 379 293 400 bolus
307 379 416 407 praesertim
433 379 543 404 insidiatur,
557 379 702 407 innumeraque
721 379 827 400 haeretico-

235 414 279 427 rum
290 408 370 435 agmina
379 411 449 427 contra
458 407 576 434 virginalem
591 411 664 427 statum
680 408 776 428 armauit:
792 407 826 435 qui

235 442 313 460 omnes,
328 439 349 455 vt
363 439 412 467 pote
424 434 499 455 diaboli
514 435 605 455 membra
619 435 736 462 virginalem
752 439 826 455 statum

234 467 269 483 aut
288 462 440 491 imposfflbilem,
458 466 493 483 aut
507 462 688 490 contemptibilem,
706 466 741 483 aut
756 463 827 483 huma-

234 498 262 511 no
271 491 340 519 generi
350 490 485 511 damnabilem
495 490 635 522 praedicabant‚
650 494 671 511 vt
685 498 732 511 eum
746 492 826 518 penjtus

234 519 260 539 de
270 524 323 539 terra
331 518 433 544 tollerent,
448 526 486 539 nec
496 526 516 538 m
528 518 673 543 Sacerdotibus,
687 526 725 539 nec
735 519 755 539 in
771 518 827 539 Reli-

234 547 295 574 giosis
305 547 358 571 viris,
370 550 393 567 et
407 546 495 566 saeminis
510 546 621 566 castitatem
637 553 680 567 esse
695 546 776 571 vellent,
792 546 827 567 sed

235 582 306 595 omnes
321 578 356 594 aut
370 574 494 601 coniugatos,
510 578 545 594 aut
561 574 713 594 concubinarios
727 574 828 595 desidera-

235 606 281 623 rent
296 602 320 623 ad
336 602 470 622 imitationem
489 601 582 629 flagitiosi
602 602 714 629 Apostatae,
733 606 754 622 et
768 602 828 622 haesi-

236 631 302 651 archae
319 629 402 651 Martini
417 629 509 655 Lutheri,
526 629 560 657 qui
574 630 616 650 voti
634 629 700 657 fragus
716 631 827 651 monachus

237 658 358 679 monacham
373 658 502 679 Catherinam
513 658 593 678 Boriam
608 658 640 678 vel
650 658 733 678 Borram
746 662 828 678 constu-

251 687 309 711 rauit,
322 686 445 713 retinuitque
459 685 592 706 concubinam
607 685 703 713 quamdiu
717 686 792 706 vitam:
807 690 828 707 et

237 694 318 735 {oannis
338 714 423 738 Caluini,
441 714 475 741 qui
492 713 530 734 etsi
547 714 648 738 Sacerdos,
665 718 686 734 et
702 714 748 734 satis
764 714 828 734 nobili

237 742 283 763 loco
293 746 358 767 natus,
372 742 439 762 extitit
448 741 509 762 etiam
519 741 649 766 haerisiarchffl
664 745 685 762 et
699 741 779 762 infamis
793 749 829 762 ex-

237 770 352 794 fornicator,
365 769 421 790 cuius
436 769 522 797 effigiem
540 773 621 790 centurn
636 769 757 796 flagitiorum
774 769 829 790 colo-

237 798 290 818 ribus
301 804 414 825 expressam
422 797 491 818 videre
500 797 575 825 poterit
584 797 648 817 lector
657 797 711 824 apud
720 797 829 818 Nicolaum

239 825 345 846 Romaeum
352 825 372 845 in
378 825 437 850 libro,
444 825 477 853 qui
486 824 605 850 inscribitur,
614 825 694 851 Effigies
706 825 788 850 Caluini,
797 825 829 851 ᾇε.

239 853 336 874 Haeretici
351 853 414 880 Angli
424 852 458 879 (de
471 853 502 873 his
512 852 566 873 enim
577 860 656 880 semper
665 852 773 880 loquimur,
787 860 829 873 non

239 882 265 902 de
276 881 391 905 Catholicis,
407 888 457 908 quos
467 887 542 905 amore,
558 884 579 900 et
588 880 666 901 honore
680 881 829 908 prosequimur)

239 914 342 936 tamquam
352 908 427 929 diaboli
437 908 528 929 membra
537 912 651 928 nostrorum
659 908 772 933 hominum,
779 915 832 936 prae-

239 937 308 958 sertim
321 936 508 957 Ecclesiasticorum
517 936 659 963 virginitatem,
675 940 696 956 et
712 936 832 961 castitatem,

241 966 309 990 verbe,
323 964 425 992 exemplo,
437 971 506 992 opere,
515 963 582 989 minis,
591 967 612 984 et
621 964 703 991 premijs
712 963 831 984 labefactare

240 992 345 1014 multoties
355 992 421 1013 conati
437 996 488 1013 sunt.
504 991 628 1013 Monasteria
640 991 796 1019 Religiosorum‚
811 996 832 1012 et

792 1020 833 1040 Re-
