1054 1258
363 84 364 87 ,
396 65 521 89 SEC'PIO
550 65 673 89 PRIMA.

247 151 330 177 Actio,
350 152 518 181 proetensum
542 150 595 173 Jus
613 152 638 173 et
656 152 819 181 argumenta

314 191 532 214 aduersariorum
551 192 751 221 proponuntur.

245 268 262 286 2.
266 265 366 313 ANgli
381 266 449 294 aliqui,
462 266 574 294 praesertim
592 266 689 291 haeretici,
709 270 730 287 et
748 273 819 287 eorum

317 294 411 319 fautores,
425 302 455 320 ea,
464 302 503 322 qua
513 294 585 319 solent,
598 294 689 322 perfidia,
702 298 723 315 et
732 294 820 322 pertina-

244 322 275 342 cia
284 329 357 350 negare
370 322 443 343 multas
457 322 505 343 fidei
520 322 595 342 diuinae
613 322 714 347 veritates,
732 326 753 343 et
768 322 820 342 affir-

244 357 299 371 mare
316 357 358 370 non
377 358 446 377 pauca,
465 354 486 371 et
504 350 610 371 manifesta
627 350 732 371 mendacia¹
750 354 820 370 contra

245 378 340 405 dogmata
347 378 443 398 diuinitus
450 378 550 403 reuelata,
545 387 550 391 ·
563 378 592 398 ita
601 378 692 399 similiter
699 385 741 398 non
748 385 820 399 veren-

244 409 276 426 tur
272 396 369 426 ”inficiari
378 406 446 433 plures
455 406 549 426 veritates
556 406 661 431 humanas,
675 409 697 426 et
709 406 819 433 oppositas,

244 433 342 462 falsasque
351 438 440 454 astruere
447 434 603 461 propositiones,
610 434 663 454 inter
670 441 718 461 quas
729 437 819 454 statuunt

243 469 310 485 vnam,
319 465 340 482 et
349 461 457 486 celebrem,
464 469 539 489 nempe
548 461 694 489 ius‚totaleque
704 461 819 482 dominium

244 477 311 516 Regni
318 489 422 510 Hiberniae
428 490 453 510 ad
460 489 527 517 Reges
535 489 615 517 Angliae
620 489 727 521 pertinere,
733 490 758 510 ab
764 497 818 510 anno

244 517 318 537 Christi
327 517 412 537 Domini
419 517 544 543 millessimo,
554 517 675 538 centessimo
686 518 819 549 septuagessi-

243 552 278 565 mo
293 545 383 565 secundo
397 553 459 573 vsque
474 545 499 565 ad
523 549 631 566 raesentem
641 553 717 567 annum
729 546 787 566 1645.
796 553 818 565 in

243 580 256 600 q
258 580 284 593 uo
293 573 337 593 haec
347 573 423 593 scribo:
434 577 455 594 et
464 580 501 594 nos
532 573 613 594 ibernos
620 581 664 594 esse
671 573 765 593 homines
774 573 819 593 har-

244 601 308 626 batos,
318 604 338 621 et
348 601 447 626 bestiales,
461 601 558 628 perditos,
568 605 589 621 et
598 601 720 629 profligatos,
727 601 819 626 rebelles,

242 628 362 656 perduelles,
368 633 389 649 et
396 629 539 657 perduellionis
545 629 607 654 Reos
613 629 662 650 dum
669 629 709 650 huc
713 629 793 662 regale'
787 637 818 650 lus

242 664 346 684 negamus,
360 657 391 677 vel
407 657 494 684 consilijs
504 657 570 682 armis,
584 661 619 678 aut
627 657 718 678 artibus
712 664 819 685 1-mpugna

243 692 293 705 mus.
323 685 368 710 His,
382 688 403 705 et
416 685 459 712 alijs
469 685 603 712 contumelijs,
613 689 634 706 et
643 685 719 712 iniurijs
729 692 767 705 nos
776 685 818 706 affi-

243 713 304 733 ciunt.
329 713 423 733 Ceterum
432 720 467 733 eos
477 713 578 741 patienter
587 720 641 733 nunc
651 717 733 741 oportet
742 713 818 739 audire,

242 748 268 761 ne
285 741 361 761 indicta
375 748 433 761 causa
447 741 541 761 homines
556 741 693 762 condemnare
706 741 817 762 videamur.

243 768 284 796 Ipsi
293 772 362 789 tamen
369 772 447 796 postea,
456 769 525 793 velint,
532 769 605 794 nolint,
612 776 650 789 nos
658 769 723 790 verius
732 769 818 797 loquen-

242 800 272 817 tes
282 797 371 822 audient,
385 800 407 817 vt
416 797 480 817 sciant
489 797 551 824 quod,
567 798 605 821 Qui
614 804 656 824 quae
666 798 705 817 vult
715 798 766 822 dicit,
775 804 818 824 quae

241 832 279 844 non
288 825 327 845 vult
337 825 395 845 audit.

269 854 287 873 3.
304 852 408 873 Obiiciunt
425 860 473 880 ergo
489 853 556 880 primo
575 852 609 873 sic.
638 852 726 873 Hericus
744 853 818 873 Secun-

242 880 279 900 dus
290 880 371 907 Angliae
382 880 428 902 Rex
438 881 491 901 iusto
500 881 555 901 bello
565 880 673 908 occupauit
683 880 818 906 Hiberniam;

242 915 290 935 ergo
300 908 349 935 ipse,
360 912 380 929 et
390 909 432 930 eius
442 916 567 930 successores
577 908 645 936 Reges
654 909 697 929 iure
706 908 761 930 illam
771 909 819 929 reti-

763 941 820 962 nent,
