3456 4734
446 297 474 381 8

392 468 506 557 nent,
533 469 576 540 et
594 482 718 539 omne
736 454 812 557 ius,
830 466 872 538 et
890 450 1117 539 dominium
1138 453 1190 539 ad
1208 453 1333 558 illam,
1351 465 1393 538 et
1411 453 1454 537 in
1472 453 1541 538 illa

392 567 556 651 habent.
1516 583 1519 587 ’

391 728 393 732 ,
448 685 485 761 4.
518 677 726 763 obiiciunt
762 675 952 763 secundo.
1008 675 1196 763 Praefatus'
1233 680 1327 763 Rex
1364 677 1541 762 obtinuit

375 887 377 893 ·
394 791 435 873 A
466 789 681 874 ostolicum
695 787 897 874 indultum
913 789 1083 874 Adriani
1104 791 1245 886 Quarti
1266 789 1420 874 Summi
1436 788 1542 872 Pon-

392 819 525 1003 sidcis,
536 931 618 1013 quo
632 900 754 984 illum'
763 900 972 986 constituit
985 900 1192 985 Hibemiae
1205 901 1419 985 dominum
1434 929 1541 983 anno

391 1011 562 1095 Domini
582 1018 697 1098 1156.
712 1029 756 1095 ut
767 1027 881 1125 patet
890 1042 942 1096 ex
954 1013 1042 1143 ipso
1057 1013 1228 1115 indulto,
1242 1013 1353 1126 quod
1364 1011 1543 1096 referunt
1671 1057 1674 1063 ,

392 1124 445 1210 de
463 1126 588 1208 verbo
607 1124 659 1207 ad
677 1128 845 1208 verbum
864 1123 986 1235 aliqur
1006 1124 1220 1237 scriptores
1240 1122 1380 1236 Angli,
1398 1138 1441 1207 et
1466 1122 1542 1205 Hi·

392 1235 521 1336 berni,
539 1251 583 1318 vt
598 1233 796 1320 Mathaeus
817 1234 926 1319 Paris
946 1229 1104 1365 A'nglus
1118 1237 1159 1318 in
1174 1236 1342 1323 historia
1361 1233 1543 1345 Anglica‚

391 1347 539 1458 pagina
557 1353 621 1430 91.
642 1348 684 1430 in
704 1346 884 1431 editione
898 1346 1210 1459 Tigurrnaanno
1234 1353 1349 1432 1589.
1397 1345 1542 1428 Domi·
1593 1345 1597 1354 ⁴

391 1488 468 1540 nus
501 1456 642 1542 Petrus
658 1457 925 1542 ¹Lombardus
953 1458 1294 1571 Archiepiscopus
1320 1458 1543 1542 Armacha-

390 1599 480 1670 nus,
509 1568 713 1683 totiusque
746 1569 954 1654 Hiberniae
981 1568 1135 1653 Primas
1162 1571 1205 1653 in
1237 1568 1540 1652 Commentario

391 1678 574 1765 eiusdem
590 1680 725 1794 Regni
737 1711 822 1794 cap.
833 1685 892 1767 17.
906 1681 1052 1795 pagina
1063 1685 1154 1766 245.
1169 1681 1220 1764 D.
1234 1680 1443 1793 Philippus
1456 1678 1541 1761 Sul-

389 1791 558 1876 leuanus
575 1807 691 1875 tomo
706 1799 744 1875 2.
764 1793 944 1875 historiae
960 1791 1180 1876 Catholicae
1199 1792 1402 1877 Hibernia
1416 1793 1484 1874 lib.
1504 1798 1538 1872 l.

392 1933 478 2015 cap.
498 1909 535 1986 4.
556 1905 703 2017 pagina
721 1910 785 1990 59.
813 1919 855 1990 et
874 1902 953 2016 alij,
970 1917 1013 1987 et
1031 1921 1093 1988 est
1111 1904 1222 2017 quod
1240 1903 1430 2017 sequitur.

392 2448 648 2544 Adrianus
707 2450 983 2574 Episcopus
1025 2473 1204 2542 seruus
1264 2473 1538 2542 seruorum

459 2637 571 2749 Dei,
595 2633 971 2731 charissimoin
991 2634 1191 2730 Christo
1214 2634 1323 2728 filio
1347 2634 1540 2726 illustri
1577 2616 1580 2620 ⁵

458 2822 755 2946 Anglorum
781 2822 910 2945 Regi
931 2822 1169 2932 salutem,
1204 2831 1255 2916 et
1289 2819 1538 2942 Apostoli-

455 3038 571 3104 cam
595 3007 1012 3104 benedictionem.

390 3355 428 3433 5.
525 3349 776 3453 Andudilitin
793 3361 830 3433 et
840 3348 1042 3461 finctnosi
1054 3348 1103 3431 de
1114 3348 1282 3459 glorioso
1294 3348 1443 3430 nomine
1448 3374 1542 3456 pro-

425 3486 431 3504 '
519 3468 708 3578 pogundo
731 3468 773 3548 in
799 3467 923 3566 tenus,
946 3476 983 3547 et
1009 3474 1160 3548 ‹cternae
1172 3463 1378 3575 felicitatis
1395 3463 1542 3573 premio

389 3585 614 3665 cumulando
625 3583 666 3664 in
675 3579 776 3663 caelis
788 3589 856 3662 tua
866 3580 1147 3692 magnificentia
1157 3579 1312 3689 cogitat,
1325 3576 1413 3657 dnm
1421 3576 1475 3657 ad
1484 3577 1543 3656 di-

388 3693 566 3782 latnndos
577 3693 763 3775 Ecclesia
773 3694 962 3794 terminos,
973 3691 1027 3773 ad
1035 3690 1307 3775 declarandam
1316 3689 1356 3770 in
1368 3688 1496 3787 doctis,
1508 3699 1543 3766 et

387 3806 544 3886 rudibus
555 3805 712 3914 populis
731 3803 958 3887 Christiana
971 3803 1085 3885 Fidei
1103 3805 1308 3901 veritatem
1321 3809 1358 3880 el
1370 3798 1543 3887 vitiorum

383 3915 586 4022 plantario
599 3919 647 3998 de
661 3944 757 4024 agro
768 3915 952 3999 dominico
965 3913 1311 4023 eatirpandnsicnt
1330 3908 1543 3992 Catholicas

297 4043 299 4047 ‘
390 4027 577 4138 Princeps
594 4028 775 4111 intendis:
796 4027 853 4109 ita
866 4027 975 4110 adid
986 4025 1265 4109 conuenientius
1278 4023 1542 4148 exequendum,

1422 4157 1544 4215 conn-
