3456 4734
469 326 520 406 18

279 473 283 487 ’
408 479 548 562 Molis.
567 490 595 560 t.
613 485 651 563 3.
670 481 720 561 dc
736 479 832 562 lust.
851 482 949 591 disp.
968 483 1051 563 229
1068 493 1106 561 et
1129 481 1332 590 sequentib.
1379 481 1527 587 Scyrus
1551 481 1594 562 in

407 591 1590 701 Ctautlregtat10.trau.2.cs.etsequnutt.-Lentuslit.2

406 704 454 782 de
466 704 618 785 Iustitia
631 729 663 784 c.
680 706 741 785 13.
754 701 952 786 Pilliucius
962 719 1060 788 tomo
1071 707 1109 785 2.
1120 715 1231 786 tract.
1243 707 1309 787 32.
1321 732 1408 812 cup.
1419 707 1458 787 5.
1471 732 1591 813 qucu-

406 815 507 897 tiunc
518 819 558 897 9.
569 813 731 896 Azorius
743 826 830 896 run.
846 821 885 898 3.
899 815 995 901 libro
1007 823 1044 898 8.
1059 813 1145 924 cup.
1159 821 1224 898 39.
1236 815 1416 898 Reteuus
1430 820 1590 923 chrte

404 927 453 1005 de
471 925 760 1036 obligationibus
782 926 943 1010 lustitiae
966 929 1030 1010 lib.
1058 930 1097 1007 2.
1123 938 1252 1036 qrtaest.
1274 929 1338 1010 ts.
1370 927 1589 1010 cardinalis

405 1036 569 1118 Ioannes
586 1038 635 1118 de
653 1037 770 1148 Lugo
787 1047 873 1120 tom.
897 1046 933 1126 l.
951 1042 1000 1122 dc
1017 1038 1169 1121 Iustitia
1183 1040 1280 1147 disp.
1302 1041 1365 1121 19.
1387 1039 1587 1120 Bcnccinu

403 1159 488 1229 tum,
508 1153 546 1229 3.
566 1150 664 1257 disp.
690 1152 721 1229 l.
739 1160 885 1257 puncto
899 1159 937 1236 3·
956 1153 1005 1233 de
1016 1150 1248 1232 restitutione
1259 1151 1442 1260 ingessere
1454 1161 1582 1259 quoert.

245 1323 254 1343 .
404 1262 443 1337 2.
462 1272 499 1340 et
515 1259 760 1369 seqraeutibus,
779 1270 816 1341 et
834 1263 904 1348 alii
920 1264 1029 1345 multi
1042 1260 1240 1344 tutores.

696 1622 953 1723 seculo
992 1621 1280 1720 TERTIA.
1324 1722 1327 1727 .

401 1895 624 1997 Diluitur
669 1898 878 2001 secunda
935 1898 1129 1999 obiectio
1179 1895 1579 1999 aduersamurum.

398 2151 460 2227 18.
569 2145 611 2228 D
650 2148 875 2233 secundum
911 2147 1199 2248 obiectionem‚
1244 2177 1337 2260 quae
1377 2141 1579 2234 asserebat

571 2255 799 2344 Henricum
839 2259 1071 2345 Secundum
1111 2258 1271 2371 Angliae
1309 2262 1468 2372 Regem
1506 2261 1578 2344 ob-
1677 2256 1681 2264 ’

396 2369 564 2455 tinuisse
621 2370 908 2484 Apostolicum
964 2370 1168 2455 indultum
1216 2370 1387 2456 Adriani
1436 2372 1576 2465 Quarti

397 2479 553 2564 Summi
580 2478 802 2583 Pontificis‚
828 2513 911 2594 quo
947 2481 1077 2583 illum,
1112 2495 1155 2566 et
1194 2511 1444 2570 successores
1480 2511 1577 2565 con·

393 2590 525 2676 stituit
554 2594 756 2695 dominos,
788 2609 831 2678 et
860 2591 998 2724 Reges
1031 2592 1255 2679 Hiberniae.
1324 2594 1572 2709 Respondeo

390 2701 492 2785 illud
511 2702 715 2790 indultum
734 2721 1080 2820 seurescnptum,
1107 2732 1190 2818 quo
1209 2733 1253 2790 se
1283 2708 1408 2819 Angli
1435 2721 1571 2819 prote-

390 2841 488 2922 gere
506 2817 739 2919 intendunt,
765 2834 809 2902 et
830 2817 873 2901 in
893 2847 975 2931 quo
994 2843 1184 2947 magnam
1203 2845 1288 2902 suae
1306 2817 1465 2902 iustitiae
1483 2845 1574 2929 par·
1602 2842 1607 2852 ’

390 2938 476 3008 tem
496 2927 711 3031 collocant,
728 2926 852 3013 fuisse
871 2931 990 3014 subre
1021 2929 1170 3029 tinum,
1183 2942 1226 3013 et
1245 2928 1417 3031 nullum,
1435 2957 1482 3011 uc
1500 2958 1573 3040 per

389 3064 643 3151 consequens
672 3040 945 3128 obiectionem
977 3040 1138 3125 ‘lorum
1165 3037 1316 3125 nullius
1343 3069 1447 3148 esse⁴
1464 3039 1573 3122 valo·

388 3148 455 3246 ris,
472 3167 544 3234 aut
562 3151 762 3238 efficaciae.
806 3151 934 3248 ,Quod
951 3166 1089 3239 autem
1108 3150 1209 3236 illud
1226 3151 1430 3237 indultum
1450 3151 1570 3234 fuerit

388 3263 688 3375 subreptitium,
702 3295 754 3351 ex
767 3291 818 3349 eo
829 3277 956 3377 patet,
968 3263 1080 3378 quod
1093 3290 1219 3350 omne
1229 3263 1468 3377 rescriptum
1484 3262 1570 3344 siue

386 3373 523 3480 gratiae
548 3374 634 3461 siue
655 3376 839 3486 justitiae,
864 3391 964 3463 tunc
992 3390 1181 3462 censetur
1205 3375 1504 3487 subreptitium,
1529 3390 1571 3458 et

386 3482 560 3587 nullum,
581 3487 746 3598 quando
768 3486 812 3571 in
834 3487 1035 3602 petitione
1062 3485 1170 3572 illius
1198 3500 1379 3571 narratur
1406 3485 1568 3589 falsitas,

384 3594 451 3678 vel
469 3610 626 3682 tacetur
642 3599 789 3684 veritas
807 3600 1044 3702 necessaria,
1070 3613 1114 3686 et
1140 3597 1281 3684 deiure
1299 3597 1566 3710 exprimenda

385 3703 489 3788 circa
508 3737 668 3794 causam
687 3710 866 3814 finalem,
878 3725 923 3795 vt
937 3737 1081 3796 omnes
1099 3707 1313 3822 Theologi,
1330 3725 1374 3795 et
1393 3708 1566 3903 Iurinssse-

384 3815 450 3896 riti
483 3818 588 3904 hanc
615 3822 885 3954 quaestionem
912 3836 1131 3908 tractantes
1160 3822 1434 3906 communiter
1529 3850 1566 3901 r-

384 3944 523 4032 mant3
550 3949 593 4016 et
611 3961 719 4019 circu
737 3961 899 4020 causam
916 3931 1175 4048 impulsiuum
1193 3931 1324 4017 multi.
1570 3995 1573 3998 ·

440 4045 491 4122 19
520 4039 629 4138 Quid
665 4059 805 4132 autem
842 4044 890 4132 fit
906 4045 1146 4159 rescriptum
1182 4043 1335 4158 gratie
1373 4057 1416 4132 et
1443 4042 1564 4217 justi3

1464 4170 1557 4237 nae.
