1054 1258
780 64 806 84 97

259 106 286 125 94
315 103 417 131 Georgius
433 102 596 131 Poggebrachius
614 103 705 124 Boemiae
724 102 771 124 Rex
790 103 832 123 hae-

230 132 279 153 resis
294 132 402 152 damnatus
418 135 455 156 est,
474 135 495 152 et
510 130 607 158 Regnum
623 131 743 152 Boemieum
761 131 831 151 datum

229 160 326 181 Matthiae
337 159 449 186 Hungariae
458 159 516 186 Regi.
543 159 602 179 Vnde
608 159 716 179 haereticus
726 158 831 186 Poggebra

228 188 286 209 chius
296 187 364 208 amisit
380 187 442 208 etiam
452 186 575 212 Morauiam,
588 187 686 211 Silesiam.
701 190 723 208 et
732 187 780 207 alifis
790 186 832 207 Re-

227 216 305 244 giones,
323 221 344 236 et
359 215 419 235 urbes
430 214 550 239 Catholicas,
566 222 612 242 quae
623 215 745 242 Hungarum
756 215 832 235 Catho-

227 244 297 268 licum,
310 243 379 271 potius
389 249 451 270 quam
461 242 581 263 Boemicum
592 243 711 263 haereticum
721 243 778 270 sequi
787 250 831 263 ma-

229 272 316 292 luerunt.
345 270 471 291 Tursellinus
480 270 515 291 lib.
527 272 559 291 10.
569 278 595 298 pa
609 286 614 290 .
625 272 671 291 578.

255 301 282 320 95
312 299 399 319 Hiberni
414 298 503 326 denique
517 299 581 319 nostri
610 306 633 319 ac
643 298 664 319 in
679 306 701 319 re
711 306 746 319 sua
761 306 831 319 exem-

228 327 262 355 pla
276 327 396 347 habuerunt.
428 326 468 354 Ipsi
483 326 591 346 consulant
605 333 650 347 suas
664 326 764 351 historias,
781 334 830 354 quas

230 362 269 382 ego
284 362 339 375 nunc
354 361 396 382 prae
410 354 504 375 manibus
518 361 560 374 non
575 354 647 375 habeo.
678 354 747 374 Vnum
761 358 831 375 tamen

228 383 348 410 exemplum
358 389 421 410 pono,
435 382 490 409 quod
505 389 570 410 nuper
580 383 599 403 le
615 382 620 402 i
635 382 690 410 apud
705 382 830 402 Richardum

231 411 382 431 stanihurstum
392 410 426 430 lib.
437 412 455 430 3.
466 409 493 430 de
503 410 563 430 rebus
573 410 593 430 in
600 389 702 430 {Iibernia
711 410 780 437 gestia,
786 417 831 437 pag.

230 440 275 459 106.
305 437 440 458 Murchardus
455 437 550 466 Lageniae
566 438 620 463 Rex,
634 441 655 458 et
669 437 723 458 illius
737 437 831 465 flagitiosi

229 466 330 493 Dermysij
346 469 410 498 pater,
424 466 470 486 cum
485 465 540 487 illam
556 466 682 493 prouinciam
697 466 789 494 plurimis
804 466 832 486 af-

229 494 309 515 fecisset
324 494 407 521 iniurijs,
417 498 438 514 et
459 501 500 521 prae
515 494 610 514 omnibus
625 493 762 514 Dublinenses
776 494 831 514 ciues

229 522 304 549 tragice
318 525 417 546 vexasset,
435 521 524 542 multum
539 521 587 549 odij,
605 525 626 542 et
640 521 722 542 inuidiae
736 522 830 549 suscepit.

231 550 298 573 Quare
321 549 374 570 illius
395 549 449 570 vrbis
471 549 598 570 Decuriones
624 553 712 570 mortem
735 550 833 578 principis

229 578 345 602 machinati,
364 584 412 598 eum
431 577 456 597 ad
475 584 495 597 m
523 577 592 598 nificas
611 577 663 598 aedes
682 577 834 598 officiosissimis

229 606 369 626 inuitamentis
379 605 487 626 duxerunt.
511 618 521 625 Α
534 612 558 625 ec
568 612 594 626 ex
603 605 641 625 hac
651 605 773 626 inuitatione
783 605 833 626 Mur

230 634 316 654 chardus
331 633 407 661 aliquid
422 634 470 654 mali
487 633 606 661 suspicatus,
625 641 672 654 cum
687 638 747 654 antea
765 634 833 654 basili-

230 669 274 682 cam
285 662 340 682 illam
349 662 471 682 creberrime
485 661 650 689 frequentauerit.
681 662 733 682 Cum
743 669 792 689 ergo
804 663 832 683 ibi

231 694 284 710 esset
298 689 380 714 hilarm,
394 690 490 717 varioque
500 689 570 717 lepore
585 690 676 710 animum
686 690 791 715 relaxaret,
806 691 834 711 ci-

231 725 274 742 ues,
288 717 322 745 qui
337 717 451 745 principem
466 717 630 742 circumstabant,
644 718 687 738 eius
697 718 789 745 iugulum
801 726 834 739 su-

231 746 274 774 bito
291 745 414 773 pugionibus
424 745 534 777 petierunt,
548 750 570 766 et
579 745 715 766 confoderunt
724 755 729 771 3
744 750 765 766 et
775 746 833 767 cada-

232 781 268 794 uer
282 773 303 793 in
318 773 495 801 contemptissimo
511 773 603 801 sepulcro
618 774 658 794 vn&
672 780 719 794 cum
736 781 786 795 cane
803 782 834 795 se-

231 801 338 828 pelierunt.
369 801 448 821 Omitto
463 801 501 821 alia
515 801 580 822 multa
594 801 689 829 exempla
708 802 835 827 Graecorum,

234 829 370 856 Assyriorum,
389 833 410 849 et
424 829 508 849 aliarum
523 829 630 849 nationum
644 829 749 850 breuitatis
763 830 833 857 gratia,

233 864 279 877 cum
290 857 323 877 hic
333 857 410 884 possita
419 857 467 877 satis
477 856 590 877 videantur.-

259 886 287 905 96
316 884 422 912 Exemplis
436 884 526 912 denique
544 885 607 905 finem
622 885 753 912 imponamus
767 886 835 906 consi-

234 912 325 933 derando
341 920 383 933 non
399 912 464 933 solum
483 913 503 933 in
522 912 635 940 Republica
650 913 744 938 saeculari,
763 921 833 934 verum

233 941 296 961 etiam
305 940 326 960 in
337 940 479 961 Ecclesiastica
489 941 576 961 inueniri
586 948 646 968 posse
675 948 738 961 aenam
750 949 834 969 suspen-

235 969 304 993 sionis,
318 968 458 996 depositionis,
473 968 505 989 vel
515 968 634 996 priuationis
644 975 657 988 o
680 969 739 996 cij,et
749 969 836 997 dignita-

234 996 267 1021 tis,
280 996 394 1017 dummodo
408 996 539 1017 inueniantur
553 996 663 1024 culpabiles
678 996 788 1045 P'incipff'
802 997 836 1018 vel

522 1031 537 1044 N
776 1025 836 1045 raelati
