1054 1258
780 36 804 48 01

240 66 350 94 explicatis,
365 69 426 87 restat
436 66 558 91 examinare,
567 73 593 86 au
603 65 669 93 aliqua
678 73 704 86 ex
715 66 752 86 illis
762 66 831 87 defue-

240 95 265 114 rit
283 98 389 122 praetensae
409 94 523 121 Anglorum
547 94 700 121 praescriptioni,
723 94 831 115 deficiente

240 122 294 142 enim
304 122 370 149 aliqua
380 129 405 142 ex
416 122 460 147 illis,
474 122 524 142 nihil
532 121 591 146 valet,
600 129 639 142 nec
648 122 715 143 valere
722 125 789 149 potest
797 122 830 142 illa

239 154 345 177 praetensa,
360 154 381 170 et
390 150 506 177 imaginaria
514 149 644 177 praescriptio.

267 179 293 198 67
322 177 446 205 Incipiamus
455 185 477 198 er
491 185 503 197 o
514 178 525 197 ὲ
536 177 607 205 prima,
621 185 667 205 quae
682 181 713 198 est
727 178 831 198 continuae

238 210 258 226 ta
269 205 335 233 Regni
345 205 451 233 possessio.
504 212 542 225 anc
558 212 662 232 nunquam
678 205 741 233 Angli
755 206 831 226 habue-

239 237 285 254 runt
295 233 315 253 in
324 233 429 254 Hibernia.
457 233 534 258 Primo;
549 240 596 253 nam
606 233 640 253 illa
647 237 746 260 praetensa
752 241 830 261 posses-

238 261 268 281 sio
278 262 302 281 ab
313 261 371 281 initio
380 261 419 283 fuit
429 261 524 286 violenta,
539 265 559 281 et
574 261 668 286 inualida,
682 265 703 282 et
716 261 763 282 ideo
778 265 829 282 tern-

237 289 292 316 poris
302 289 387 309 decursu
397 289 538 309 conualescere
547 296 589 309 non
599 293 684 316 poterat.
707 289 767 312 Quod
775 290 829 310 enim

238 317 263 337 ab
272 317 330 337 initio
340 324 382 337 non
392 317 429 337 fuit
439 316 534 341 validum,
541 320 605 337 tractu
615 317 712 344 temporis
725 324 766 337 nou
782 325 830 337 con-

238 345 326 365 ualescit-
351 345 391 365 Seu
403 349 425 365 vt
436 345 497 365 habet
511 345 545 365 issa
555 344 634 372 Regula
648 346 681 365 25.
696 345 743 365 iuris
758 345 828 365 ciuilis.

240 373 287 396 Quae
297 373 321 392 ab
330 373 383 393 initio
390 373 505 399 iqzvtilisfflit
514 373 612 397 institutis),
621 373 710 400 temporis
716 376 779 393 tractu
786 380 830 393 con-

236 401 330 421 ualescere
336 408 373 420 mm
380 404 448 427 polest·
465 400 565 425 Secundo,
574 400 622 420 licet
629 408 696 425 vnam,
705 400 737 421 vel
745 401 828 421 alteram

236 428 346 453 ciuitatem,
356 428 431 453 villam,
436 428 541 456 oppidum,
547 435 622 456 pagum
628 428 661 449 vel
668 432 727 449 terrae
733 429 829 456 angulum

236 456 349 481 habuerint,
358 464 400 476 non
410 460 441 476 tot
465 456 571 481 rouincias,
580 456 678 481 ciuitates,
687 456 750 481 villas,
761 460 782 477 et
792 464 830 484 op-

236 483 290 511 pida,
304 488 354 511 quot
368 484 389 504 in
401 484 436 504 illo
472 491 525 511 egno
539 484 672 511 reperiuntur,
687 488 708 504 et
722 492 768 504 suos
782 492 829 512 pro-

236 511 290 539 prios
300 512 394 532 dominos
403 512 511 532 habebant-
526 511 601 532 Temo.
623 511 664 532 Ista
672 516 773 540 praetensa
782 520 829 539 pos-

236 540 298 560 sessio
308 547 363 568 saepe
372 539 410 560 fuit
420 540 532 567 interrupta
541 540 566 560 ab
576 539 674 560 Hibernis
685 540 737 560 iuste
752 540 828 561 bellum

235 568 352 594 gerentibus
366 567 461 588 aduersus
477 567 556 595 Anglos
570 567 643 594 injuste
657 568 790 595 possidentes,
806 573 828 588 vt

236 599 267 615 est
276 596 406 616 manifestum
415 595 436 615 in
446 595 519 615 nostris
529 595 617 622 historijs
628 596 682 623 apud
697 596 826 616 Sulleuanum

235 623 256 643 in
267 623 389 651 compendio
396 623 486 644 historiae
495 623 605 644 Catholicae
614 622 730 644 Hiberniae:
741 628 762 645 et
769 632 825 644 cons-

236 655 265 671 tat
280 659 306 672 ex
325 652 388 672 Bullis
407 652 537 672 Summorum
556 651 678 672 Pontificum
697 652 828 684 supracitatis,

235 686 321 700 numero
331 682 362 700 33·
377 683 398 700 et
415 679 545 707 sequentibus
557 686 621 706 vsque
634 679 659 700 ad
674 681 706 701 46.
720 680 828 701 1nclusiue>

236 707 325 732 Quarto3
334 708 380 735 quia
389 708 443 728 bona
450 707 540 732 mobilia,
549 710 570 727 et
577 707 695 733 immobilia,
705 715 750 735 quae
756 712 828 736 postea

234 735 340 760 violenter,
350 739 370 756 et
379 735 453 756 iniuste
463 735 526 763 Angli
536 735 668 756 obtinuerunt
677 737 794 761 contraius,
805 739 826 756 et

235 763 270 788 fas,
286 770 327 783 non
344 763 399 784 recte
413 763 548 791 possiderunt,
562 763 614 783 sicut
628 770 667 784 nec
681 763 776 788 latrones,
790 764 824 791 qui

233 791 326 818 proprios
336 791 430 811 dominos
443 791 483 811 suis
493 790 551 811 honis
562 790 636 811 iniuste
649 791 741 819 spoliant·
757 792 823 814 Quam

234 819 261 839 ob
271 826 358 844 causam,
372 819 447 839 similes
459 818 567 846 praedones
579 825 683 846 nunquam
710 819 825 840 raescribere

233 847 302 867 valent
311 847 365 867 bona
375 847 402 867 sic
412 850 501 874 accepta,
514 853 561 867 cum
571 846 611 866 sint
620 847 679 867 malae
689 827 736 868 AElei
745 854 824 875 posses-

234 881 288 895 sores
298 874 354 895 iuxta
361 882 383 895 su
399 874 480 895 radieta-

261 904 288 923 68
316 902 381 923 secun
396 910 407 922 a
417 902 513 927 conditio,
541 909 573 923 uae
583 906 614 923 est
622 903 676 923 bona
685 902 742 929 fides,
755 902 823 924 deficit

234 930 295 951 etiam
306 931 339 951 Au
354 930 385 955 lis,
398 934 420 951 vt
429 934 512 958 possent
545 930 628 951 iberniae
637 931 751 951 dominium
765 938 824 959 praes-

234 958 316 979 exibere.
361 958 425 984 rim03
439 965 487 979 nam
496 958 573 979 bellum
586 965 612 979 ex
621 962 679 986 parte
693 959 773 979 illorum
784 959 823 979 fuit

721 987 824 1012 iniustum,
