1054 1258
775 72 802 91 65

390 144 517 168 SEC'rlo
536 143 659 168 SEXTA.

231 239 409 262 Cone-luditur
419 246 480 262 eum
490 238 659 269 aduersarvjs
669 238 826 270 disputatio.

231 341 257 361 72
296 340 337 360 Am
360 340 463 365 soluimus,
482 344 503 361 et
523 340 644 361 resoluimus
665 339 826 360 aduersariorum

291 368 426 396 obiectione&
446 372 467 389 et
481 368 607 389 ostendimus
621 367 719 388 iustitiam
735 371 825 388 nostram

230 399 301 416 contra
309 396 427 416 iniustitiam
437 396 524 416 illorum.
544 395 578 417 Ne
585 400 654 416 tamen
664 399 826 423 conquaerantur,

231 428 252 444 et
269 423 327 444 nouis
344 424 466 451 argumentis
483 431 539 444 suam
559 431 639 444 causam
658 423 784 448 confirmare,
805 428 826 444 et

230 455 319 472 nostram
327 451 429 472 infirmare
439 455 538 473 conentur
546 460 551 477 ;
561 459 627 479 operae
634 451 722 484 pretium
730 451 825 471 duximus

231 486 314 500 omnem
330 479 447 500 euasionem
466 483 488 500 et
511 479 565 500 viam
582 480 621 500 illis
637 479 778 504 mtercludere,
799 486 826 499 ne

230 507 312 528 vlterius
322 507 416 535 progredi
442 507 512 532 ossint,
527 507 564 528 nisi
572 507 655 528 sortasse
667 507 794 531 mentiendo,
805 510 826 527 et

230 535 351 563 decipiendo
358 535 417 555 solito
438 542 450 556 e
457 542 514 556 more
524 539 611 561 vetusto,
620 535 660 556 hoc
668 535 722 556 enim
728 534 826 555 familiare

230 563 325 583 omnibus
335 563 433 584 haereticis
443 570 524 591 semper
533 563 577 584 fuit.

258 592 285 612 73
300 590 354 611 Dato
369 598 424 618 ergo,
439 595 459 612 et
474 598 515 611 non
531 598 627 612 concesso
637 591 692 619 quod
703 591 771 618 Reges
781 591 826 611 An-

244 619 275 639 liae
285 618 333 639 olim
344 618 428 640 fuissent
437 619 530 647 legitimi,
539 626 562 640 ae
572 619 614 640 veri
625 619 709 640 Domini
720 619 826 639 Hiberniae

230 626 261 674 ῗνι
271 647 331 674 aliqui
348 647 410 674 Angli
424 647 527 668 immerito
542 647 678 675 contendunt)
693 647 826 667 nihilominus

231 675 312 695 ordines
328 675 381 695 illius
399 675 465 702 Regni
482 682 494 695 o
510 675 561 696 timo
577 676 621 696 iure
635 678 736 703 poterant,
753 682 776 695 sc
791 674 826 695 de-

231 703 306 723 bebant
316 703 372 723 omni
382 703 474 723 dominio
512 703 593 724 iberniae
602 703 682 731 priuare
691 703 741 723 tales
751 702 783 723 Re
798 709 826 727 es,

230 734 337 758 postquam
354 731 401 751 facti
418 735 465 751 sunt
480 731 575 756 hoeretici,
589 735 649 759 atque
663 731 749 759 tyranni.
801 737 826 751 oc

231 759 286 779 enirn
303 758 340 784 ius,
356 763 377 779 et
388 762 477 786 potestas
487 759 604 787 deponendi
618 759 720 787 principes
729 763 826 786 tyrannos

231 786 252 806 in
262 786 318 807 omni
329 786 409 814 Regno,
418 790 439 807 et
449 786 562 814 Republica
570 790 609 812 est,
618 787 661 807 siue
670 786 790 814 gubernatio
800 786 825 806 sit

232 814 370 840 Monarchica,
392 815 435 835 siue
459 815 609 840 Aristocratica,
625 815 658 836 vel
679 814 824 835 Democratica.

233 842 276 863 Iam
284 842 300 862 si
308 842 414 863 consensui
422 842 489 870 Regni
495 842 527 863 vel
535 842 659 871 Reipublicae
667 843 688 863 in
695 842 761 863 haere
769 849 826 862 acce-

232 870 289 891 deret
296 870 406 891 authoritas
421 870 547 898 Apostolica,
561 871 606 898 quis
620 870 658 891 nisi
672 870 783 894 haereticus,
792 869 825 890 vel

232 898 303 918 stultus
313 898 395 918 audebit
405 905 485 925 negare,
502 898 556 926 quod
564 898 597 919 hic
607 898 735 923 affirmamus,
742 901 763 918 et
770 897 826 917 Doc-

231 930 285 946 tores
292 925 399 953 Theologi,
406 930 427 947 et
434 926 481 946 iuris
489 926 592 954 vtriusque
599 926 659 954 periti
666 926 740 954 passim
748 925 825 950 dicunt,

231 954 319 974 rationes
328 954 421 981 probant,
435 954 529 982 exempla
539 954 629 975 suadent.

260 982 287 1002 74
302 982 363 1005 Quod
375 981 400 1002 ad
415 981 514 1002 Doctores
528 982 608 1007 attinet,
621 982 649 1003 ita
660 982 736 1003 docent
751 981 824 1002 Sum-ez

233 1010 253 1030 in
262 1010 370 1037 deffensione
376 1010 427 1036 fidei
437 1010 539 1030 Catholicae
549 1011 639 1031 aduersus
649 1010 762 1038 Angticanae
771 1011 825 1029 sectoe

524 1045 531 1058 1
754 1043 827 1058 etv-ores
