<?xml version="1.0" encoding="UTF-8"?>
<!DOCTYPE html PUBLIC "-//W3C//DTD XHTML 1.0 Transitional//EN"
    "http://www.w3.org/TR/xhtml1/DTD/xhtml1-transitional.dtd">
<html xmlns="http://www.w3.org/1999/xhtml" xml:lang="en" lang="en">
 <head>
  <title>
</title>
<meta http-equiv="Content-Type" content="text/html;charset=utf-8" />
  <meta name='ocr-system' content='tesseract 3.04.00' />
  <meta name='ocr-capabilities' content='ocr_page ocr_carea ocr_par ocr_line ocrx_word'/>
</head>
<body>
  <div class='ocr_page' id='page_1' title='image "./disputatioapolo00omagoog_0108.png"; bbox 0 0 1054 1258; ppageno 0'>
   <div class='ocr_carea' id='block_1_1' title="bbox 788 60 815 78">
    <p class='ocr_par' dir='ltr' id='par_1_1' title="bbox 788 60 815 78">
     <span class='ocr_line' id='line_1_1' title="bbox 788 60 815 78; baseline 0 0"><span class='ocrx_word' id='word_1_1' title='bbox 788 60 815 78; x_wconf 81' lang='lat'>99</span> 
     </span>
    </p>
   </div>
   <div class='ocr_carea' id='block_1_2' title="bbox 219 96 839 1038">
    <p class='ocr_par' dir='ltr' id='par_1_2' title="bbox 230 96 839 152">
     <span class='ocr_line' id='line_1_2' title="bbox 230 96 839 125; baseline 0 -8"><span class='ocrx_word' id='word_1_2' title='bbox 230 96 329 125; x_wconf 78' lang='lat' dir='ltr'>Magister</span> <span class='ocrx_word' id='word_1_3' title='bbox 345 97 363 117; x_wconf 88' lang='lat' dir='ltr'><strong>F</strong></span> <span class='ocrx_word' id='word_1_4' title='bbox 363 97 464 118; x_wconf 81' lang='lat' dir='ltr'>ranciscus</span> <span class='ocrx_word' id='word_1_5' title='bbox 486 96 504 117; x_wconf 88' lang='lat' dir='ltr'>F</span> <span class='ocrx_word' id='word_1_6' title='bbox 504 104 561 125; x_wconf 83' lang='lat' dir='ltr'>reyre</span> <span class='ocrx_word' id='word_1_7' title='bbox 581 97 601 117; x_wconf 92' lang='lat' dir='ltr'>in</span> <span class='ocrx_word' id='word_1_8' title='bbox 622 97 724 125; x_wconf 82' lang='lat' dir='ltr'>Apologia</span> <span class='ocrx_word' id='word_1_9' title='bbox 743 97 839 123; x_wconf 81' lang='lat' dir='ltr'>veritatis,</span> 
     </span>
     <span class='ocr_line' id='line_1_3' title="bbox 230 125 428 152; baseline -0.005 -6"><span class='ocrx_word' id='word_1_10' title='bbox 230 129 251 146; x_wconf 74' lang='lat' dir='ltr'>et</span> <span class='ocrx_word' id='word_1_11' title='bbox 261 125 349 150; x_wconf 79' lang='lat' dir='ltr'>iustitiae,</span> <span class='ocrx_word' id='word_1_12' title='bbox 359 129 380 146; x_wconf 88' lang='lat' dir='ltr'>et</span> <span class='ocrx_word' id='word_1_13' title='bbox 389 125 428 152; x_wconf 78' lang='lat' dir='ltr'>aiij.</span> 
     </span>
    </p>

    <p class='ocr_par' dir='ltr' id='par_1_3' title="bbox 227 152 838 375">
     <span class='ocr_line' id='line_1_4' title="bbox 258 152 838 181; baseline 0 -8"><span class='ocrx_word' id='word_1_14' title='bbox 258 154 284 174; x_wconf 81' lang='lat'>97</span> <span class='ocrx_word' id='word_1_15' title='bbox 315 153 376 174; x_wconf 87' lang='lat' dir='ltr'>Vnde</span> <span class='ocrx_word' id='word_1_16' title='bbox 399 153 498 173; x_wconf 79' lang='lat' dir='ltr'>Catholici</span> <span class='ocrx_word' id='word_1_17' title='bbox 516 152 611 177; x_wconf 87' lang='lat' dir='ltr'>Hiberni,</span> <span class='ocrx_word' id='word_1_18' title='bbox 626 153 660 181; x_wconf 84' lang='lat' dir='ltr'>qui</span> <span class='ocrx_word' id='word_1_19' title='bbox 677 152 754 173; x_wconf 83' lang='lat' dir='ltr'>bellum</span> <span class='ocrx_word' id='word_1_20' title='bbox 772 154 838 174; x_wconf 89' lang='lat' dir='ltr'>omni-</span> 
     </span>
     <span class='ocr_line' id='line_1_5' title="bbox 231 180 838 209; baseline 0 -8"><span class='ocrx_word' id='word_1_21' title='bbox 231 188 258 201; x_wconf 88' lang='lat' dir='ltr'>no</span> <span class='ocrx_word' id='word_1_22' title='bbox 273 180 356 206; x_wconf 77' lang='lat' dir='ltr'>iustum,</span> <span class='ocrx_word' id='word_1_23' title='bbox 370 188 407 208; x_wconf 85' lang='lat' dir='ltr'>pro</span> <span class='ocrx_word' id='word_1_24' title='bbox 423 180 532 209; x_wconf 79' lang='lat' dir='ltr'>Religione</span> <span class='ocrx_word' id='word_1_25' title='bbox 552 180 657 205; x_wconf 75' lang='lat' dir='ltr'>Catholici,</span> <span class='ocrx_word' id='word_1_26' title='bbox 674 188 720 202; x_wconf 87' lang='lat' dir='ltr'>cum</span> <span class='ocrx_word' id='word_1_27' title='bbox 738 181 838 202; x_wconf 73' lang='lat' dir='ltr'>haereticis</span> 
     </span>
     <span class='ocr_line' id='line_1_6' title="bbox 231 208 838 236; baseline 0 -7"><span class='ocrx_word' id='word_1_28' title='bbox 231 208 311 236; x_wconf 83' lang='lat' dir='ltr'>Anglis,</span> <span class='ocrx_word' id='word_1_29' title='bbox 328 212 349 229; x_wconf 76' lang='lat' dir='ltr'>et</span> <span class='ocrx_word' id='word_1_30' title='bbox 365 208 429 229; x_wconf 85' lang='lat' dir='ltr'>Scotis</span> <span class='ocrx_word' id='word_1_31' title='bbox 444 208 495 235; x_wconf 82' lang='lat' dir='ltr'>(non</span> <span class='ocrx_word' id='word_1_32' title='bbox 505 216 552 229; x_wconf 84' lang='lat' dir='ltr'>cum</span> <span class='ocrx_word' id='word_1_33' title='bbox 564 208 672 229; x_wconf 75' lang='lat' dir='ltr'>Catholicis</span> <span class='ocrx_word' id='word_1_34' title='bbox 690 209 793 236; x_wconf 72' lang='lat' dir='ltr'>vti-iusque</span> <span class='ocrx_word' id='word_1_35' title='bbox 803 216 838 229; x_wconf 84' lang='lat' dir='ltr'>na-</span> 
     </span>
     <span class='ocr_line' id='line_1_7' title="bbox 229 236 838 264; baseline 0 -7"><span class='ocrx_word' id='word_1_36' title='bbox 229 236 299 264; x_wconf 81' lang='lat' dir='ltr'>tionis)</span> <span class='ocrx_word' id='word_1_37' title='bbox 309 240 389 264; x_wconf 81' lang='lat' dir='ltr'>gerunt‚</span> <span class='ocrx_word' id='word_1_38' title='bbox 399 243 441 257; x_wconf 89' lang='lat' dir='ltr'>non</span> <span class='ocrx_word' id='word_1_39' title='bbox 451 240 499 257; x_wconf 79' lang='lat' dir='ltr'>sunt</span> <span class='ocrx_word' id='word_1_40' title='bbox 508 236 612 261; x_wconf 57' lang='lat' dir='ltr'>Rebellerz,</span> <span class='ocrx_word' id='word_1_41' title='bbox 640 236 746 262; x_wconf 82' lang='lat' dir='ltr'>erduelles,</span> <span class='ocrx_word' id='word_1_42' title='bbox 756 241 790 257; x_wconf 86' lang='lat' dir='ltr'>aut</span> <span class='ocrx_word' id='word_1_43' title='bbox 800 237 838 257; x_wconf 86' lang='lat' dir='ltr'>cri-</span> 
     </span>
     <span class='ocr_line' id='line_1_8' title="bbox 229 264 836 292; baseline 0.002 -8"><span class='ocrx_word' id='word_1_44' title='bbox 229 264 290 284; x_wconf 86' lang='lat' dir='ltr'>minis</span> <span class='ocrx_word' id='word_1_45' title='bbox 299 264 353 284; x_wconf 80' lang='lat' dir='ltr'>laesae</span> <span class='ocrx_word' id='word_1_46' title='bbox 363 264 474 285; x_wconf 74' lang='lat' dir='ltr'>maiestatis</span> <span class='ocrx_word' id='word_1_47' title='bbox 485 264 531 289; x_wconf 87' lang='lat' dir='ltr'>Rei,</span> <span class='ocrx_word' id='word_1_48' title='bbox 551 265 588 285; x_wconf 68' lang='grc' dir='ltr'>διε.</span> <span class='ocrx_word' id='word_1_49' title='bbox 598 268 621 285; x_wconf 82' lang='lat' dir='ltr'>vt</span> <span class='ocrx_word' id='word_1_50' title='bbox 644 265 719 285; x_wconf 77' lang='lat' dir='ltr'>aeretici</span> <span class='ocrx_word' id='word_1_51' title='bbox 729 264 836 292; x_wconf 81' lang='lat' dir='ltr'>aduersarij</span> 
     </span>
     <span class='ocr_line' id='line_1_9' title="bbox 229 291 837 320; baseline 0.002 -8"><span class='ocrx_word' id='word_1_52' title='bbox 229 292 249 312; x_wconf 91' lang='lat' dir='ltr'>in</span> <span class='ocrx_word' id='word_1_53' title='bbox 260 292 300 312; x_wconf 87' lang='lat' dir='ltr'>suis</span> <span class='ocrx_word' id='word_1_54' title='bbox 316 292 389 313; x_wconf 79' lang='lat' dir='ltr'>libellis</span> <span class='ocrx_word' id='word_1_55' title='bbox 404 292 536 319; x_wconf 79' lang='lat' dir='ltr'>infamatorijs</span> <span class='ocrx_word' id='word_1_56' title='bbox 552 292 616 320; x_wconf 85' lang='lat' dir='ltr'>impie</span> <span class='ocrx_word' id='word_1_57' title='bbox 632 291 799 317; x_wconf 83' lang='lat' dir='ltr'>cominiscuntur‚</span> <span class='ocrx_word' id='word_1_58' title='bbox 815 297 837 313; x_wconf 83' lang='lat' dir='ltr'>et</span> 
     </span>
     <span class='ocr_line' id='line_1_10' title="bbox 227 320 836 348; baseline 0 -8"><span class='ocrx_word' id='word_1_59' title='bbox 227 320 358 348; x_wconf 84' lang='lat' dir='ltr'>impudenter</span> <span class='ocrx_word' id='word_1_60' title='bbox 364 320 498 341; x_wconf 74' lang='lat' dir='ltr'>mentiuntur:</span> <span class='ocrx_word' id='word_1_61' title='bbox 506 320 558 348; x_wconf 85' lang='lat' dir='ltr'>quia.</span> <span class='ocrx_word' id='word_1_62' title='bbox 569 321 647 341; x_wconf 83' lang='lat' dir='ltr'>Summa</span> <span class='ocrx_word' id='word_1_63' title='bbox 654 321 704 341; x_wconf 81' lang='lat' dir='ltr'>ratio</span> <span class='ocrx_word' id='word_1_64' title='bbox 712 324 744 344; x_wconf 78' lang='lat' dir='ltr'>est,</span> <span class='ocrx_word' id='word_1_65' title='bbox 751 328 793 347; x_wconf 78' lang='lat' dir='ltr'>quae</span> <span class='ocrx_word' id='word_1_66' title='bbox 798 328 836 347; x_wconf 84' lang='lat' dir='ltr'>pro</span> 
     </span>
     <span class='ocr_line' id='line_1_11' title="bbox 227 348 836 375; baseline 0 -7"><span class='ocrx_word' id='word_1_67' title='bbox 227 348 330 375; x_wconf 75' lang='lat' dir='ltr'>Religimze</span> <span class='ocrx_word' id='word_1_68' title='bbox 333 349 391 375; x_wconf 83' lang='lat' dir='ltr'>facit.</span> <span class='ocrx_word' id='word_1_69' title='bbox 400 348 425 368; x_wconf 93' lang='lat' dir='ltr'>L.</span> <span class='ocrx_word' id='word_1_70' title='bbox 431 351 473 368; x_wconf 79' lang='lat' dir='ltr'>sunt</span> <span class='ocrx_word' id='word_1_71' title='bbox 477 355 566 375; x_wconf 65' lang='lat' dir='ltr'>personet</span> <span class='ocrx_word' id='word_1_72' title='bbox 568 349 594 375; x_wconf 82' lang='lat' dir='ltr'><em>ff</em></span> <span class='ocrx_word' id='word_1_73' title='bbox 600 349 624 368; x_wconf 79' lang='lat' dir='ltr'>de</span> <span class='ocrx_word' id='word_1_74' title='bbox 631 349 686 375; x_wconf 55' lang='lat' dir='ltr'>relig.</span> <span class='ocrx_word' id='word_1_75' title='bbox 694 351 712 368; x_wconf 79' lang='lat' dir='ltr'>et</span> <span class='ocrx_word' id='word_1_76' title='bbox 719 349 836 375; x_wconf 74' lang='lat' dir='ltr'>sumpt.fim.</span> 
     </span>
    </p>

    <p class='ocr_par' dir='ltr' id='par_1_4' title="bbox 219 376 836 1037">
     <span class='ocr_line' id='line_1_12' title="bbox 254 376 836 404; baseline 0 -8"><span class='ocrx_word' id='word_1_77' title='bbox 254 377 281 396; x_wconf 73' lang='grc'>98</span> <span class='ocrx_word' id='word_1_78' title='bbox 316 376 414 403; x_wconf 74' lang='lat' dir='ltr'>Opponet</span> <span class='ocrx_word' id='word_1_79' title='bbox 427 376 511 397; x_wconf 78' lang='lat' dir='ltr'>fortasse</span> <span class='ocrx_word' id='word_1_80' title='bbox 528 376 628 404; x_wconf 76' lang='lat' dir='ltr'>quispiam</span> <span class='ocrx_word' id='word_1_81' title='bbox 645 376 695 397; x_wconf 89' lang='lat' dir='ltr'>illud</span> <span class='ocrx_word' id='word_1_82' title='bbox 712 376 800 403; x_wconf 80' lang='lat' dir='ltr'>vulgare,</span> <span class='ocrx_word' id='word_1_83' title='bbox 815 380 836 396; x_wconf 82' lang='lat' dir='ltr'>et</span> 
     </span>
     <span class='ocr_line' id='line_1_13' title="bbox 226 404 835 432; baseline 0 -8"><span class='ocrx_word' id='word_1_84' title='bbox 226 404 324 432; x_wconf 78' lang='lat' dir='ltr'>populare</span> <span class='ocrx_word' id='word_1_85' title='bbox 334 404 425 429; x_wconf 84' lang='lat' dir='ltr'>dubium,</span> <span class='ocrx_word' id='word_1_86' title='bbox 435 411 471 424; x_wconf 85' lang='lat' dir='ltr'>seu</span> <span class='ocrx_word' id='word_1_87' title='bbox 480 408 629 431; x_wconf 78' lang='lat' dir='ltr'>argumentum.</span> <span class='ocrx_word' id='word_1_88' title='bbox 657 404 677 425; x_wconf 90' lang='lat' dir='ltr'>Si</span> <span class='ocrx_word' id='word_1_89' title='bbox 691 411 749 424; x_wconf 86' lang='lat' dir='ltr'>reura</span> <span class='ocrx_word' id='word_1_90' title='bbox 764 404 791 424; x_wconf 79' lang='lat' dir='ltr'>ita</span> <span class='ocrx_word' id='word_1_91' title='bbox 798 409 835 428; x_wconf 83' lang='lat' dir='ltr'>est,</span> 
     </span>
     <span class='ocr_line' id='line_1_14' title="bbox 226 432 836 459; baseline 0 -7"><span class='ocrx_word' id='word_1_92' title='bbox 226 436 247 452; x_wconf 90' lang='lat' dir='ltr'>vt</span> <span class='ocrx_word' id='word_1_93' title='bbox 257 432 364 459; x_wconf 77' lang='lat' dir='ltr'>aduersarij</span> <span class='ocrx_word' id='word_1_94' title='bbox 384 432 447 452; x_wconf 85' lang='lat' dir='ltr'>nostri</span> <span class='ocrx_word' id='word_1_95' title='bbox 461 436 531 452; x_wconf 83' lang='lat' dir='ltr'>contra</span> <span class='ocrx_word' id='word_1_96' title='bbox 546 432 650 457; x_wconf 76' lang='lat' dir='ltr'>iustitiam,</span> <span class='ocrx_word' id='word_1_97' title='bbox 663 432 768 459; x_wconf 82' lang='lat' dir='ltr'>pietatem,</span> <span class='ocrx_word' id='word_1_98' title='bbox 783 436 803 452; x_wconf 78' lang='lat' dir='ltr'>et</span> <span class='ocrx_word' id='word_1_99' title='bbox 813 432 836 452; x_wconf 84' lang='lat' dir='ltr'>fi-</span> 
     </span>
     <span class='ocr_line' id='line_1_15' title="bbox 226 459 835 487; baseline 0 -7"><span class='ocrx_word' id='word_1_100' title='bbox 226 460 274 480; x_wconf 87' lang='lat' dir='ltr'>dem</span> <span class='ocrx_word' id='word_1_101' title='bbox 284 459 362 487; x_wconf 85' lang='lat' dir='ltr'>operati</span> <span class='ocrx_word' id='word_1_102' title='bbox 379 463 432 484; x_wconf 89' lang='lat' dir='ltr'>sunt,</span> <span class='ocrx_word' id='word_1_103' title='bbox 448 463 469 480; x_wconf 84' lang='lat' dir='ltr'>et</span> <span class='ocrx_word' id='word_1_104' title='bbox 484 459 551 480; x_wconf 79' lang='lat' dir='ltr'>adhuc</span> <span class='ocrx_word' id='word_1_105' title='bbox 567 463 683 487; x_wconf 77' lang='lat' dir='ltr'>operantur,</span> <span class='ocrx_word' id='word_1_106' title='bbox 697 467 733 480; x_wconf 88' lang='lat' dir='ltr'>cur</span> <span class='ocrx_word' id='word_1_107' title='bbox 752 460 835 480; x_wconf 77' lang='lat' dir='ltr'>iustissi-</span> 
     </span>
     <span class='ocr_line' id='line_1_16' title="bbox 225 487 835 515; baseline -0.002 -7"><span class='ocrx_word' id='word_1_108' title='bbox 225 495 277 513; x_wconf 87' lang='lat' dir='ltr'>mus,</span> <span class='ocrx_word' id='word_1_109' title='bbox 301 488 409 515; x_wconf 64' lang='lat' dir='ltr'>piissimus,</span> <span class='ocrx_word' id='word_1_110' title='bbox 423 491 444 508; x_wconf 82' lang='lat' dir='ltr'>et</span> <span class='ocrx_word' id='word_1_111' title='bbox 459 487 588 508; x_wconf 78' lang='lat' dir='ltr'>fidelissimus</span> <span class='ocrx_word' id='word_1_112' title='bbox 600 487 658 508; x_wconf 83' lang='lat' dir='ltr'>Deus</span> <span class='ocrx_word' id='word_1_113' title='bbox 668 487 739 512; x_wconf 82' lang='lat' dir='ltr'>voluit,</span> <span class='ocrx_word' id='word_1_114' title='bbox 748 487 779 508; x_wconf 86' lang='lat' dir='ltr'>vel</span> <span class='ocrx_word' id='word_1_115' title='bbox 790 495 835 515; x_wconf 87' lang='lat' dir='ltr'>per-</span> 
     </span>
     <span class='ocr_line' id='line_1_17' title="bbox 225 515 835 540; baseline -0.002 -4"><span class='ocrx_word' id='word_1_116' title='bbox 225 516 281 536; x_wconf 81' lang='lat' dir='ltr'>misit</span> <span class='ocrx_word' id='word_1_117' title='bbox 290 520 312 536; x_wconf 77' lang='lat' dir='ltr'>vt</span> <span class='ocrx_word' id='word_1_118' title='bbox 326 515 416 536; x_wconf 79' lang='lat' dir='ltr'>haeretici</span> <span class='ocrx_word' id='word_1_119' title='bbox 431 516 465 536; x_wconf 87' lang='lat' dir='ltr'>An</span> <span class='ocrx_word' id='word_1_120' title='bbox 481 515 495 535; x_wconf 88' lang='lat' dir='ltr'>li</span> <span class='ocrx_word' id='word_1_121' title='bbox 512 522 549 535; x_wconf 86' lang='lat' dir='ltr'>nos</span> <span class='ocrx_word' id='word_1_122' title='bbox 565 515 687 540; x_wconf 77' lang='lat' dir='ltr'>catholicos,</span> <span class='ocrx_word' id='word_1_123' title='bbox 701 520 722 536; x_wconf 80' lang='lat' dir='ltr'>et</span> <span class='ocrx_word' id='word_1_124' title='bbox 737 515 835 536; x_wconf 86' lang='lat' dir='ltr'>innocen-</span> 
     </span>
     <span class='ocr_line' id='line_1_18' title="bbox 225 543 835 568; baseline 0 -5"><span class='ocrx_word' id='word_1_125' title='bbox 225 547 256 564; x_wconf 79' lang='lat' dir='ltr'>tes</span> <span class='ocrx_word' id='word_1_126' title='bbox 266 543 370 564; x_wconf 86' lang='lat' dir='ltr'>Hibernos</span> <span class='ocrx_word' id='word_1_127' title='bbox 380 547 412 564; x_wconf 81' lang='lat' dir='ltr'>tot</span> <span class='ocrx_word' id='word_1_128' title='bbox 426 550 483 564; x_wconf 80' lang='lat' dir='ltr'>annis</span> <span class='ocrx_word' id='word_1_129' title='bbox 499 543 614 567; x_wconf 73' lang='lat' dir='ltr'>afflixerint,</span> <span class='ocrx_word' id='word_1_130' title='bbox 627 547 648 564; x_wconf 84' lang='lat' dir='ltr'>et</span> <span class='ocrx_word' id='word_1_131' title='bbox 658 543 784 568; x_wconf 76' lang='lat' dir='ltr'>vexauerint,</span> <span class='ocrx_word' id='word_1_132' title='bbox 801 551 835 564; x_wconf 77' lang='lat' dir='ltr'>ot·-</span> 
     </span>
     <span class='ocr_line' id='line_1_19' title="bbox 225 571 834 599; baseline -0.002 -7"><span class='ocrx_word' id='word_1_133' title='bbox 225 571 312 592; x_wconf 87' lang='lat' dir='ltr'>cidendo</span> <span class='ocrx_word' id='word_1_134' title='bbox 322 571 404 596; x_wconf 84' lang='lat' dir='ltr'>multos,</span> <span class='ocrx_word' id='word_1_135' title='bbox 414 571 501 592; x_wconf 81' lang='lat' dir='ltr'>ethonis</span> <span class='ocrx_word' id='word_1_136' title='bbox 511 571 617 599; x_wconf 77' lang='lat' dir='ltr'>spoliando</span> <span class='ocrx_word' id='word_1_137' title='bbox 624 571 729 599; x_wconf 87' lang='lat' dir='ltr'>plurimos.</span> <span class='ocrx_word' id='word_1_138' title='bbox 741 571 834 599; x_wconf 85' lang='lat' dir='ltr'>Respon-</span> 
     </span>
     <span class='ocr_line' id='line_1_20' title="bbox 225 599 833 627; baseline 0 -8"><span class='ocrx_word' id='word_1_139' title='bbox 225 599 265 620; x_wconf 86' lang='lat' dir='ltr'>deo</span> <span class='ocrx_word' id='word_1_140' title='bbox 275 599 348 627; x_wconf 70' lang='lat' dir='ltr'>primo,</span> <span class='ocrx_word' id='word_1_141' title='bbox 363 599 444 624; x_wconf 81' lang='lat' dir='ltr'>scelera,</span> <span class='ocrx_word' id='word_1_142' title='bbox 451 602 473 619; x_wconf 79' lang='lat' dir='ltr'>et</span> <span class='ocrx_word' id='word_1_143' title='bbox 482 603 566 627; x_wconf 77' lang='lat' dir='ltr'>peccata</span> <span class='ocrx_word' id='word_1_144' title='bbox 573 603 648 624; x_wconf 68' lang='lat' dir='ltr'>nostra7</span> <span class='ocrx_word' id='word_1_145' title='bbox 657 604 679 620; x_wconf 83' lang='lat' dir='ltr'>et</span> <span class='ocrx_word' id='word_1_146' title='bbox 689 603 795 627; x_wconf 78' lang='lat' dir='ltr'>parentum</span> <span class='ocrx_word' id='word_1_147' title='bbox 806 607 833 619; x_wconf 85' lang='lat' dir='ltr'>no</span> 
     </span>
     <span class='ocr_line' id='line_1_21' title="bbox 225 626 833 654; baseline 0 -7"><span class='ocrx_word' id='word_1_148' title='bbox 225 632 311 649; x_wconf 78' lang='lat' dir='ltr'>strorum</span> <span class='ocrx_word' id='word_1_149' title='bbox 322 627 357 648; x_wconf 78' lang='lat' dir='ltr'>has</span> <span class='ocrx_word' id='word_1_150' title='bbox 366 626 493 652; x_wconf 79' lang='lat' dir='ltr'>afflictiones,</span> <span class='ocrx_word' id='word_1_151' title='bbox 502 631 523 648; x_wconf 83' lang='lat' dir='ltr'>et</span> <span class='ocrx_word' id='word_1_152' title='bbox 533 626 652 648; x_wconf 75' lang='lat' dir='ltr'>vexationes</span> <span class='ocrx_word' id='word_1_153' title='bbox 659 627 763 648; x_wconf 87' lang='lat' dir='ltr'>meruisse:</span> <span class='ocrx_word' id='word_1_154' title='bbox 776 630 833 654; x_wconf 53' lang='lat' dir='ltr'>spec-</span> 
     </span>
     <span class='ocr_line' id='line_1_22' title="bbox 224 656 833 682; baseline -0.002 -6"><span class='ocrx_word' id='word_1_155' title='bbox 224 657 308 676; x_wconf 74' lang='lat' dir='ltr'>cauimus</span> <span class='ocrx_word' id='word_1_156' title='bbox 318 656 367 676; x_wconf 77' lang='lat' dir='ltr'>enim</span> <span class='ocrx_word' id='word_1_157' title='bbox 376 663 418 676; x_wconf 80' lang='lat' dir='ltr'>cum</span> <span class='ocrx_word' id='word_1_158' title='bbox 424 656 513 682; x_wconf 72' lang='lat' dir='ltr'>patr-ihm</span> <span class='ocrx_word' id='word_1_159' title='bbox 520 656 594 680; x_wconf 71' lang='lat' dir='ltr'>nostris,</span> <span class='ocrx_word' id='word_1_160' title='bbox 602 656 670 676; x_wconf 58' lang='lat' dir='ltr'>iniuste*</span> <span class='ocrx_word' id='word_1_161' title='bbox 679 656 833 682; x_wconf 76' lang='lat' dir='ltr'>egimus,iniqui-</span> 
     </span>
     <span class='ocr_line' id='line_1_23' title="bbox 223 683 833 711; baseline -0.002 -7"><span class='ocrx_word' id='word_1_162' title='bbox 223 684 371 711; x_wconf 38' lang='lat' dir='ltr'>tatemfecimus‘</span> <span class='ocrx_word' id='word_1_163' title='bbox 384 684 437 703; x_wconf 76' lang='lat' dir='ltr'><em>Psal.</em></span> <span class='ocrx_word' id='word_1_164' title='bbox 452 685 494 704; x_wconf 88' lang='lat'>105.</span> <span class='ocrx_word' id='word_1_165' title='bbox 510 683 644 704; x_wconf 84' lang='lat' dir='ltr'>Verissimum</span> <span class='ocrx_word' id='word_1_166' title='bbox 660 683 722 704; x_wconf 82' lang='lat' dir='ltr'>etiam</span> <span class='ocrx_word' id='word_1_167' title='bbox 738 686 768 704; x_wconf 84' lang='lat' dir='ltr'>est</span> <span class='ocrx_word' id='word_1_168' title='bbox 783 683 833 703; x_wconf 86' lang='lat' dir='ltr'>illud</span> 
     </span>
     <span class='ocr_line' id='line_1_24' title="bbox 224 711 832 739; baseline -0.002 -7"><span class='ocrx_word' id='word_1_169' title='bbox 224 712 307 732; x_wconf 78' lang='lat' dir='ltr'>Ioannis</span> <span class='ocrx_word' id='word_1_170' title='bbox 315 711 407 739; x_wconf 63' lang='lat' dir='ltr'>Epistola</span> <span class='ocrx_word' id='word_1_171' title='bbox 418 713 435 731; x_wconf 89' lang='lat' dir='ltr'>l.</span> <span class='ocrx_word' id='word_1_172' title='bbox 449 718 492 738; x_wconf 76' lang='lat' dir='ltr'>cap.</span> <span class='ocrx_word' id='word_1_173' title='bbox 505 712 521 731; x_wconf 91' lang='lat'>1.</span> <span class='ocrx_word' id='word_1_174' title='bbox 548 712 569 731; x_wconf 88' lang='lat' dir='ltr'>Si</span> <span class='ocrx_word' id='word_1_175' title='bbox 579 711 681 731; x_wconf 72' lang='lat' dir='ltr'>dixerimus</span> <span class='ocrx_word' id='word_1_176' title='bbox 690 712 779 738; x_wconf 76' lang='lat' dir='ltr'>quoniam</span> <span class='ocrx_word' id='word_1_177' title='bbox 786 718 832 738; x_wconf 78' lang='lat' dir='ltr'>pec-</span> 
     </span>
     <span class='ocr_line' id='line_1_25' title="bbox 223 739 832 766; baseline -0.002 -6"><span class='ocrx_word' id='word_1_178' title='bbox 223 743 285 760; x_wconf 75' lang='lat' dir='ltr'>catum</span> <span class='ocrx_word' id='word_1_179' title='bbox 295 747 333 760; x_wconf 81' lang='lat' dir='ltr'>mm</span> <span class='ocrx_word' id='word_1_180' title='bbox 340 739 435 764; x_wconf 77' lang='lat' dir='ltr'>habemus,</span> <span class='ocrx_word' id='word_1_181' title='bbox 441 740 479 766; x_wconf 75' lang='grc' dir='ltr'>ἱρή</span> <span class='ocrx_word' id='word_1_182' title='bbox 488 746 521 759; x_wconf 74' lang='lat' dir='ltr'>nos</span> <span class='ocrx_word' id='word_1_183' title='bbox 534 739 644 764; x_wconf 74' lang='lat' dir='ltr'>seducimus,</span> <span class='ocrx_word' id='word_1_184' title='bbox 656 740 727 759; x_wconf 76' lang='lat' dir='ltr'>veritas</span> <span class='ocrx_word' id='word_1_185' title='bbox 741 742 759 759; x_wconf 85' lang='lat' dir='ltr'>et</span> <span class='ocrx_word' id='word_1_186' title='bbox 768 740 788 759; x_wconf 82' lang='lat' dir='ltr'>in</span> <span class='ocrx_word' id='word_1_187' title='bbox 798 746 832 759; x_wconf 81' lang='lat' dir='ltr'>nn-</span> 
     </span>
     <span class='ocr_line' id='line_1_26' title="bbox 221 767 832 794; baseline -0.002 -6"><span class='ocrx_word' id='word_1_188' title='bbox 221 769 249 788; x_wconf 73' lang='lat' dir='ltr'>Iu&#39;s</span> <span class='ocrx_word' id='word_1_189' title='bbox 254 775 291 788; x_wconf 73' lang='lat' dir='ltr'>non</span> <span class='ocrx_word' id='word_1_190' title='bbox 298 771 330 788; x_wconf 78' lang='lat' dir='ltr'>est.</span> <span class='ocrx_word' id='word_1_191' title='bbox 346 768 367 787; x_wconf 89' lang='lat' dir='ltr'>Si</span> <span class='ocrx_word' id='word_1_192' title='bbox 373 768 579 794; x_wconf 76' lang='lat' dir='ltr'>corfiteamurpeccata</span> <span class='ocrx_word' id='word_1_193' title='bbox 586 770 651 787; x_wconf 77' lang='lat' dir='ltr'>nostra</span> <span class='ocrx_word' id='word_1_194' title='bbox 657 777 663 787; x_wconf 89' lang='lat'><em>:</em></span> <span class='ocrx_word' id='word_1_195' title='bbox 667 767 741 793; x_wconf 77' lang='lat' dir='ltr'>fidelis,</span> <span class='ocrx_word' id='word_1_196' title='bbox 750 770 768 787; x_wconf 81' lang='lat' dir='ltr'>et</span> <span class='ocrx_word' id='word_1_197' title='bbox 774 768 832 787; x_wconf 72' lang='lat' dir='ltr'>iustus</span> 
     </span>
     <span class='ocr_line' id='line_1_27' title="bbox 222 795 832 822; baseline -0.002 -6"><span class='ocrx_word' id='word_1_198' title='bbox 222 799 248 816; x_wconf 77' lang='lat' dir='ltr'>est</span> <span class='ocrx_word' id='word_1_199' title='bbox 258 795 320 820; x_wconf 76' lang='lat' dir='ltr'>Deus,</span> <span class='ocrx_word' id='word_1_200' title='bbox 329 798 348 816; x_wconf 81' lang='lat' dir='ltr'>vt</span> <span class='ocrx_word' id='word_1_201' title='bbox 357 796 440 815; x_wconf 76' lang='lat' dir='ltr'>remittat</span> <span class='ocrx_word' id='word_1_202' title='bbox 449 795 501 815; x_wconf 70' lang='lat' dir='ltr'>nubis</span> <span class='ocrx_word' id='word_1_203' title='bbox 507 798 589 822; x_wconf 77' lang='lat' dir='ltr'>peccata</span> <span class='ocrx_word' id='word_1_204' title='bbox 598 798 669 820; x_wconf 66' lang='lat' dir='ltr'>nostra,</span> <span class='ocrx_word' id='word_1_205' title='bbox 678 798 695 815; x_wconf 80' lang='lat' dir='ltr'>et</span> <span class='ocrx_word' id='word_1_206' title='bbox 703 795 790 815; x_wconf 76' lang='lat' dir='ltr'>emundet</span> <span class='ocrx_word' id='word_1_207' title='bbox 798 802 832 815; x_wconf 80' lang='lat' dir='ltr'>nos</span> 
     </span>
     <span class='ocr_line' id='line_1_28' title="bbox 221 822 831 851; baseline 0 -8"><span class='ocrx_word' id='word_1_208' title='bbox 221 824 246 844; x_wconf 81' lang='lat' dir='ltr'>ab</span> <span class='ocrx_word' id='word_1_209' title='bbox 259 824 310 843; x_wconf 80' lang='lat' dir='ltr'>omni</span> <span class='ocrx_word' id='word_1_210' title='bbox 324 823 437 851; x_wconf 76' lang='lat' dir='ltr'>iniquitate.)</span> <span class='ocrx_word' id='word_1_211' title='bbox 463 823 532 850; x_wconf 74' lang='lat' dir='ltr'>Atque</span> <span class='ocrx_word' id='word_1_212' title='bbox 539 822 590 843; x_wconf 77' lang='lat' dir='ltr'>adef)</span> <span class='ocrx_word' id='word_1_213' title='bbox 600 823 721 843; x_wconf 85' lang='lat' dir='ltr'>iustissimus</span> <span class='ocrx_word' id='word_1_214' title='bbox 729 822 786 843; x_wconf 85' lang='lat' dir='ltr'>Deus</span> <span class='ocrx_word' id='word_1_215' title='bbox 796 830 831 843; x_wconf 74' lang='lat' dir='ltr'>vo-</span> 
     </span>
     <span class='ocr_line' id='line_1_29' title="bbox 221 850 831 879; baseline -0.002 -7"><span class='ocrx_word' id='word_1_216' title='bbox 221 852 265 876; x_wconf 80' lang='lat' dir='ltr'>luit,</span> <span class='ocrx_word' id='word_1_217' title='bbox 280 851 312 871; x_wconf 84' lang='lat' dir='ltr'>vel</span> <span class='ocrx_word' id='word_1_218' title='bbox 326 850 425 879; x_wconf 71' lang='lat' dir='ltr'>permisit,</span> <span class='ocrx_word' id='word_1_219' title='bbox 436 854 458 871; x_wconf 90' lang='lat' dir='ltr'>vt</span> <span class='ocrx_word' id='word_1_220' title='bbox 473 851 501 871; x_wconf 84' lang='lat' dir='ltr'>sic</span> <span class='ocrx_word' id='word_1_221' title='bbox 529 851 634 871; x_wconf 83' lang='lat' dir='ltr'>uniremur</span> <span class='ocrx_word' id='word_1_222' title='bbox 647 851 672 871; x_wconf 85' lang='lat' dir='ltr'>ab</span> <span class='ocrx_word' id='word_1_223' title='bbox 682 851 783 871; x_wconf 83' lang='lat' dir='ltr'>haereticis</span> <span class='ocrx_word' id='word_1_224' title='bbox 796 851 831 871; x_wconf 82' lang='lat' dir='ltr'>ad-</span> 
     </span>
     <span class='ocr_line' id='line_1_30' title="bbox 221 878 829 906; baseline -0.003 -6"><span class='ocrx_word' id='word_1_225' title='bbox 221 879 319 906; x_wconf 85' lang='lat' dir='ltr'>uersarijs,</span> <span class='ocrx_word' id='word_1_226' title='bbox 334 879 386 899; x_wconf 80' lang='lat' dir='ltr'>sicut</span> <span class='ocrx_word' id='word_1_227' title='bbox 402 878 473 903; x_wconf 89' lang='lat' dir='ltr'>voluit,</span> <span class='ocrx_word' id='word_1_228' title='bbox 487 886 511 899; x_wconf 86' lang='lat' dir='ltr'>ve</span> <span class='ocrx_word' id='word_1_229' title='bbox 529 878 627 906; x_wconf 76' lang='lat' dir='ltr'>permisit,</span> <span class='ocrx_word' id='word_1_230' title='bbox 641 882 663 899; x_wconf 85' lang='lat' dir='ltr'>vt</span> <span class='ocrx_word' id='word_1_231' title='bbox 678 878 779 906; x_wconf 77' lang='lat' dir='ltr'>Hispania</span> <span class='ocrx_word' id='word_1_232' title='bbox 793 886 829 906; x_wconf 91' lang='lat' dir='ltr'>per</span> 
     </span>
     <span class='ocr_line' id='line_1_31' title="bbox 221 906 827 938; baseline -0.003 -10"><span class='ocrx_word' id='word_1_233' title='bbox 221 909 267 928; x_wconf 79' lang='lat'>700.</span> <span class='ocrx_word' id='word_1_234' title='bbox 278 911 299 928; x_wconf 87' lang='lat' dir='ltr'>et</span> <span class='ocrx_word' id='word_1_235' title='bbox 309 906 395 934; x_wconf 75' lang='lat' dir='ltr'>amplius</span> <span class='ocrx_word' id='word_1_236' title='bbox 405 913 469 926; x_wconf 78' lang='lat' dir='ltr'>annos</span> <span class='ocrx_word' id='word_1_237' title='bbox 479 906 539 927; x_wconf 83' lang='lat' dir='ltr'>fuerit</span> <span class='ocrx_word' id='word_1_238' title='bbox 553 913 655 938; x_wconf 79' lang='lat' dir='ltr'>oppressa,</span> <span class='ocrx_word' id='word_1_239' title='bbox 670 909 691 927; x_wconf 83' lang='lat' dir='ltr'>et</span> <span class='ocrx_word' id='word_1_240' title='bbox 698 906 793 933; x_wconf 75' lang='lat' dir='ltr'>castigata</span> <span class='ocrx_word' id='word_1_241' title='bbox 803 907 827 926; x_wconf 82' lang='lat' dir='ltr'>ab</span> 
     </span>
     <span class='ocr_line' id='line_1_32' title="bbox 219 934 828 961; baseline -0.003 -5"><span class='ocrx_word' id='word_1_242' title='bbox 219 935 343 959; x_wconf 80' lang='lat' dir='ltr'>infidelibus;</span> <span class='ocrx_word' id='word_1_243' title='bbox 360 938 381 955; x_wconf 91' lang='lat' dir='ltr'>et</span> <span class='ocrx_word' id='word_1_244' title='bbox 388 934 479 959; x_wconf 78' lang='lat' dir='ltr'>Francia,</span> <span class='ocrx_word' id='word_1_245' title='bbox 490 934 606 959; x_wconf 76' lang='lat' dir='ltr'>Germania,</span> <span class='ocrx_word' id='word_1_246' title='bbox 621 938 642 955; x_wconf 89' lang='lat' dir='ltr'>et</span> <span class='ocrx_word' id='word_1_247' title='bbox 651 934 716 954; x_wconf 76' lang='lat' dir='ltr'>multa</span> <span class='ocrx_word' id='word_1_248' title='bbox 725 934 763 954; x_wconf 78' lang='lat' dir='ltr'>alia</span> <span class='ocrx_word' id='word_1_249' title='bbox 775 934 828 961; x_wconf 79' lang='lat' dir='ltr'>Reg-</span> 
     </span>
     <span class='ocr_line' id='line_1_33' title="bbox 220 961 828 989; baseline -0.003 -5"><span class='ocrx_word' id='word_1_250' title='bbox 220 971 246 984; x_wconf 81' lang='lat' dir='ltr'>na</span> <span class='ocrx_word' id='word_1_251' title='bbox 261 963 366 983; x_wconf 75' lang='lat' dir='ltr'>Catholica</span> <span class='ocrx_word' id='word_1_252' title='bbox 380 963 404 983; x_wconf 85' lang='lat' dir='ltr'>ab</span> <span class='ocrx_word' id='word_1_253' title='bbox 419 962 514 983; x_wconf 84' lang='lat' dir='ltr'>haeriticis</span> <span class='ocrx_word' id='word_1_254' title='bbox 529 965 608 987; x_wconf 74' lang='lat' dir='ltr'>vexata,</span> <span class='ocrx_word' id='word_1_255' title='bbox 625 966 645 983; x_wconf 86' lang='lat' dir='ltr'>et</span> <span class='ocrx_word' id='word_1_256' title='bbox 660 962 715 989; x_wconf 86' lang='lat' dir='ltr'>quasi</span> <span class='ocrx_word' id='word_1_257' title='bbox 731 961 828 986; x_wconf 75' lang='lat' dir='ltr'>desolata,</span> 
     </span>
     <span class='ocr_line' id='line_1_34' title="bbox 220 989 796 1037; baseline -0.007 -25"><span class='ocrx_word' id='word_1_258' title='bbox 220 995 304 1020; x_wconf 78' lang='lat' dir='ltr'>propter</span> <span class='ocrx_word' id='word_1_259' title='bbox 313 994 396 1018; x_wconf 84' lang='lat' dir='ltr'>peccata</span> <span class='ocrx_word' id='word_1_260' title='bbox 406 989 523 1011; x_wconf 64' lang='lat' dir='ltr'>incelarum.</span> <span class='ocrx_word' id='word_1_261' title='bbox 779 1017 796 1037; x_wconf 74' lang='lat' dir='ltr'>R</span> 
     </span>
    </p>

    <p class='ocr_par' dir='ltr' id='par_1_5' title="bbox 799 1025 829 1038">
     <span class='ocr_line' id='line_1_35' title="bbox 799 1025 829 1038; baseline -0.033 0"><span class='ocrx_word' id='word_1_262' title='bbox 799 1025 829 1038; x_wconf 85' lang='lat' dir='ltr'>es-</span> 
     </span>
    </p>
   </div>
  </div>
 </body>
</html>
