1054 1258
775 36 801 47 ου

234 72 341 90 consensu,
355 65 382 86 de
391 64 464 92 Regno
471 65 601 93 expulerunt,
610 68 631 86 et
639 65 659 86 in
666 65 709 86 eius
715 65 784 86 locum
790 73 827 94 po-

235 97 318 113 suerunt
328 93 441 114 Henricum
452 92 495 113 eius
505 93 594 118 fratrem,
607 93 655 114 iicet
667 93 705 114 iste
716 93 777 114 fuerit
790 101 827 114 no-

234 121 285 141 thus.
302 121 387 142 Ioannes
397 120 476 141 Mar-ian
483 120 509 141 de
517 121 576 142 rebus
585 121 688 149 Hispaniae
698 121 731 142 lib.
742 123 774 142 27.
783 129 825 150 cap.

233 150 252 168 8.
263 152 283 169 et
292 149 378 169 Ioannes
386 149 473 169 Azorius
481 154 538 169 tomo
546 150 564 169 2.
572 149 606 169 lib·
616 150 647 169 11-
655 156 698 177 cap.
706 151 725 170 5,
732 157 751 176 q·
758 151 825 177 3.pag.

235 178 293 197 llOl.
304 181 325 197 et
334 177 366 204 alij
377 177 471 197 historici.

260 206 287 225 89
310 204 403 225 Lusitani
420 205 557 232 deposuerunt
568 204 647 232 Regem
657 212 716 225 suum
732 205 825 226 Sancium

233 232 291 252 huius
301 233 389 253 nominis
399 232 518 257 secundum,
532 233 558 253 ob
569 233 709 253 remissionem
724 237 745 253 et
762 234 826 261 negli-

231 261 321 287 gentiam
331 261 374 281 eius
384 261 405 281 in
419 261 566 288 gubernatione
581 260 655 288 Regni,
669 265 690 281 et
704 261 826 282 suffecerunt

233 288 363 315 Alphonsum
373 288 426 309 illius
435 288 517 309 fratrem
529 289 631 309 Comitem
641 289 745 309 Bononiae.
763 289 826 310 Duar-

232 315 269 336 dus
280 316 356 337 Leonis
365 316 386 336 in
396 316 448 336 libro
458 316 484 337 de
498 323 545 337 vera
556 316 636 344 Regum
650 316 776 344 Portugalliae
790 324 825 344 ge-

232 344 331 372 nealogia,
344 344 418 372 pagina
427 345 458 364 10.
475 344 561 365 Ioannes
570 344 657 368 Azorius
664 348 713 364 tom·
722 346 740 364 2.
748 344 783 365 lib.
793 346 802 364 l
808 346 824 365 l.

232 379 275 399 cap.
286 374 304 393 5.
315 380 334 399 q-
347 374 377 392 14.
387 379 432 400 pag.
446 373 504 392 1102.
525 372 628 392 Antonius
644 372 794 393 Vasconcellius
804 372 825 393 in

234 400 319 421 Actibus
330 400 411 427 Regum
421 399 530 420 Lusitaniae
539 407 584 427 pag.
594 402 627 421 61.
636 404 656 420 et
666 400 796 427 sequentibus
804 401 825 420 in

232 428 322 448 editione
333 428 480 455 Antuerpiana,
494 431 515 448 et
525 428 564 455 alij.

259 457 286 476 90
306 456 359 476 Scoti
369 463 410 476 non
421 455 484 476 semel
492 455 513 476 in
521 456 559 476 hac
568 463 596 480 re,
606 456 642 476 sed
652 463 704 483 soepe
711 456 825 477 tribuerunt

232 484 356 511 exemplum.
371 484 426 504 Nam
436 484 457 504 in
467 483 502 504 illo
514 483 586 504 Scotiae
596 483 669 511 Regno
679 483 737 504 multi
751 484 825 511 Reges,

232 510 327 539 (quorum
340 512 400 539 aliqui
412 511 438 532 Pa
452 512 492 536 ani,
501 515 522 532 et
531 511 564 538 alij
578 511 686 532 Christiani
697 512 787 539 fuerunt)
798 513 824 532 ob

232 547 267 559 sua
278 539 359 564 scelera,
373 540 385 560 ὲ
395 539 444 560 nobi
453 539 504 564 ibus,
520 543 541 560 et
550 539 680 567 popularibus
690 540 737 564 vita,
751 543 772 560 et
782 540 825 567 dig-

231 567 295 588 nitate
305 568 386 588 fuerunt
400 567 480 595 priuati,
494 571 517 587 ut
531 567 621 587 scribunt
635 567 722 588 [oannes
736 567 825 588 Leslaeus

232 595 345 623 Episcopus
354 595 461 616 Rossensis
468 595 489 615 in
496 595 580 615 historia
587 595 613 615 de
620 594 696 620 Rebus,
706 599 727 616 et
734 595 824 616 moribus

233 623 347 649 Scotorum,
367 623 467 651 Ge6rgius
485 623 604 644 Bucananus
620 623 692 644 Scotus
705 623 727 644 in
742 623 825 644 historia

231 659 298 672 rerum
306 652 430 672 Scoticarum
437 651 470 671 lib·
479 652 498 671 4.
505 654 526 671 et
532 651 670 679 sequentibus,
678 651 765 672 Ioannes
771 652 826 672 Azo-

231 680 272 699 rius
282 684 339 700 tomo
347 681 365 699 2.
373 679 407 700 lib·
417 680 447 699 ll.
456 686 498 706 cap·
506 680 524 699 5.
533 682 554 699 et
561 679 599 706 alij.
620 679 666 707 Ego
673 679 707 699 hic
714 679 825 700 nominabo

232 707 309 734 aliquos
323 707 413 735 exempli
427 707 497 734 gratia,
515 707 612 727 omittens
627 707 702 728 multos
716 707 766 727 alios
780 707 825 727 bre—

232 735 300 755 uitatis
310 741 375 756 causa-

259 763 363 783 Nothatus
373 762 419 783 Rex
431 763 513 790 quintus
527 763 548 783 in
563 762 635 784 ordine
649 762 731 791 Regum
747 763 825 788 Scotiae,

231 791 278 818 quia
292 791 347 811 ciues
361 797 458 816 summos,
477 795 498 811 et
512 790 594 811 infimos
608 791 682 818 passim
697 791 827 811 mutilatione

231 819 339 844 bonorum,
349 818 417 843 exilio,
426 822 499 844 morte,
509 822 530 839 et
539 818 582 839 ali's
592 819 737 846 suppliciorum
746 819 826 846 generi-

231 847 269 867 bus
279 847 306 867 ita
316 846 390 867 iniuste
399 846 477 871 afflixit,
488 850 510 866 vt
519 826 571 866 nihii
580 846 606 867 ad
617 853 718 867 summam
731 846 827 867 immani-

232 879 296 895 tatem
306 875 343 894 sibi
353 874 453 902 reliquum
468 874 549 899 faceret,
563 874 646 895 tandem
657 875 669 895 ὲ
678 874 718 895 suis
728 875 826 895 obbtrun-

232 906 294 927 catur,
308 906 416 930 postquam
435 902 549 927 crudeliter,
563 906 584 922 et
603 909 662 923 auare
679 902 751 929 viginti
768 902 826 922 annis

233 930 328 958 Regnum
338 930 492 950 administraret.
508 929 550 950 Iste
559 929 651 957 Paganus
661 930 704 950 fuit.
719 930 826 950 Dardanus

232 958 279 979 Rex
289 960 320 979 20.
332 965 378 979 cum
388 958 500 986 gubernare
510 957 625 985 incepisset,
639 965 701 979 nemo
711 961 758 979 ante
768 958 826 978 illum

784 993 826 1006 rna-
