3456 4734
338 330 394 411 60

282 483 448 590 dr‘spdl.
459 510 496 563 u.
507 486 543 562 4.
561 479 943 578 Luisr'usTurriuuus
957 482 1103 561 intumo
1114 481 1162 559 de
1173 479 1314 560 iustitia
1328 479 1466 585 disprd.

282 594 824 677 47.dubio7.Bonuciaotomo
835 596 871 672 2.
882 594 978 700 disp.
991 593 1079 671 Lde
1089 591 1466 697 restitutioaaquaest.

161 788 163 793 ,
283 703 527 810 ult.§.2.num.
543 705 918 810 31.uers.respoudeo
929 702 1307 785 secundollllliucr‘us
1319 712 1416 783 tomo
1428 705 1465 780 2.

142 893 144 898 .
283 821 443 897 tructssl
457 819 584 923 cup.9.
595 845 628 922 q.
643 820 681 897 5.-
695 843 731 896 n.
744 819 836 896 200.
858 813 913 915 Et
927 812 1158 925 nuperrime
1171 812 1327 894 Doctor
1345 810 1466 893 Fran-

282 916 410 1009 ciscus
432 926 623 1010 Velascus
645 925 864 1008 Goueanus
891 925 933 1008 in
962 940 1133 1008 tractatu
1164 922 1383 1032 Analytico·
1413 923 1466 1006 de

283 1040 387 1120 iusta
419 1035 709 1120 acclamatione
758 1035 1021 1136 Serenissimi-
1043 1037 1168 1147 Regis
1210 1033 1466 1144 Portugalliae

283 1148 447 1232 Ioannis
464 1149 618 1247 Quarti,
636 1149 755 1233 tertia
768 1163 867 1259 part
883 1148 914 1255 ς.
928 1153 1084 1230 dnum.
1102 1153 1163 1230 ll.
1176 1146 1243 1228 vbi
1255 1145 1353 1227 citat
1366 1146 1464 1246 iura,

273 1273 321 1343 'et
341 1259 543 1344 Doctores
560 1260 785 1371 praesertim
815 1258 1002 1342 Felinum
1032 1260 1074 1341 in
1104 1288 1188 1370 cap.
1219 1256 1270 1338 ad
1298 1255 1464 1340 audieu-

278 1372 377 1453 tiam
397 1399 507 1453 num
529 1377 593 1452 22.
617 1370 789 1453 Decium
809 1371 851 1453 in
872 1400 956 1483 cap.
977 1400 1071 1454 cum
1091 1369 1250 1471 dilecta,
1269 1396 1379 1449 num.
1400 1375 1462 1451 11.

279 1480 538 1565 Franciscum
560 1481 731 1564 Balbum
752 1481 803 1565 de
821 1482 1206 1594 praescriptionibus,
1229 1496 1271 1589 et
1289 1478 1402 1580 alim,
1420 1495 1462 1573 et

278 1593 499 1704 respondet
518 1593 569 1676 ad
597 1593 908 1677 fundamentum
934 1594 1097 1695 alterius
1125 1590 1328 1703 opinionis
1355 1621 1462 1675 asse-

276 1704 402 1788 rentis
439 1703 623 1788 sufficere
659 1720 822 1817 tempus
888 1704 1121 1816 uadraginta
1162 1731 1360 1787 annorum
1408 1705 1460 1786 ad

275 1815 625 1929 praescriptionem
658 1814 806 1945 Regni.
852 1735 1038 1899 landem
1067 1815 1224 1898 Doctor
1253 1815 1461 1897 Antonius

277 1928 330 2011 de
352 1930 476 2011 Sousa
493 1927 536 2010 in
552 1925 766 2012 'Lusitanra
783 1929 950 2012 liberata
977 1928 1081 2010 libro
1110 1935 1146 2010 3.
1168 1926 1300 2038 capite
1331 1932 1369 2010 5.
1400 1955 1462 2027 ea,

278 2069 358 2150 qua
376 2039 480 2123 solet
499 2037 738 2140 eruditione,
767 2040 893 2123 citans
912 2039 1074 2122 multos.
1184 2125 1187 2134 ⁴

328 2155 383 2235 65
441 2150 594 2244 Quinta
630 2150 810 2234 conditio
847 2151 1070 2234 necessaria
1108 2150 1159 2232 ad
1195 2150 1459 2263 praescriben-

272 2261 372 2343 dum
392 2276 454 2345 est
472 2260 669 2374 capacitas
688 2261 819 2345 actiua
836 2278 1022 2393 respectu
1050 2261 1307 2373 possidentis,
1334 2275 1376 2345 et
1395 2290 1459 2342 ca-

182 2441 185 2447 .
274 2373 426 2483 pacitas
445 2373 603 2485 passiua
621 2388 807 2485 respectu
822 2403 893 2475 rer,
921 2403 1013 2486 quae
1031 2373 1272 2487 possidetur,
1291 2388 1334 2456 vt
1353 2371 1459 2454 scili-

275 2498 341 2566 cet
358 2484 570 2594 possidens
588 2485 716 2596 possit
733 2485 954 2597 possidere,
982 2501 1024 2570 et
1047 2514 1111 2567 res
1130 2486 1258 2597 possit
1276 2484 1458 2597 posside-

272 2595 316 2676 ri.
377 2594 550 2681 Defectu
578 2595 696 2678 huius
725 2596 969 2679 conditionis
999 2596 1228 2707 Religiosus
1255 2597 1459 2709 professus

272 2734 357 2788 non
377 2722 513 2818 potest
530 2706 682 2817 aliquid
702 2707 776 2790 sibi
791 2710 1062 2821 praescribere,
1081 2710 1174 2818 quia
1188 2705 1302 2791 de'es't
1316 2707 1373 2789 illi
1393 2736 1457 2790 ca
1535 2733 1536 2737 ‘

269 2817 421 2929 pacitas
441 2819 582 2902 actiua·
625 2818 669 2900 N
671 2848 718 2901 ec
735 2819 859 2903 laicus
877 2835 1014 2933 potest
1031 2820 1290 2932 praescribere
1308 2820 1369 2901 ius
1389 2846 1458 2901 co-

268 2930 506 3120 {noscendi
534 2944 576 3014 et
598 2928 802 3013 iudicandi
832 2961 968 3015 causas
997 2931 1386 3031 Ecclesiasticorum,
1414 2946 1457 3012 et

295 3040 555 3148 eclesiarum,
574 3042 645 3124 &e
665 3058 710 3124 vt
729 3043 933 3156 sacrilege,
959 3043 1123 3145 nefarie,
1141 3058 1264 3153 atque
1277 3041 1456 3152 tyranni-

82 3243 84 3250 .
260 3147 316 3233 te
336 3168 636 3237 consueuerunt
654 3153 786 3238 facere
804 3155 856 3237 ali
886 3156 926 3238 ui
942 3154 1078 3266 Reges
1095 3154 1271 3265 Angliae,
1289 3182 1455 3265 praeser-

167 3259 172 3273 '
268 3262 343 3343 tim
377 3263 581 3347 Henricus
616 3265 836 3368 Secundus,
857 3185 1077 3352 qumicus
1108 3269 1300 3367 Octauus,
1327 3263 1456 3351 Elisa-

268 3375 375 3474 beta,
387 3373 574 3477 Iacobus,
594 3395 636 3461 et
653 3377 830 3461 Carolus.
866 3377 972 3463 Vide
989 3380 1210 3479 Authores,
1229 3379 1298 3488 qui
1314 3392 1455 3460 contra

266 3484 342 3568 hos
366 3485 498 3598 Reges
518 3488 773 3601 scripserunt,
801 3506 845 3573 vt
865 3490 1024 3591 Suarez,
1054 3490 1357 3591 Bellarminum,
1377 3489 1453 3572 Be·

267 3616 426 3699 ounum,
459 3599 692 3700 Sandcrum,
721 3598 973 3703 Personium,
992 3600 1238 3702 Placenium,
1267 3618 1309 3684 et
1341 3600 1452 3683 alios.

269 3704 375 3793 Vide
394 3711 517 3793 etiam
533 3708 731 3794 Molinam
747 3715 842 3822 disp·
859 3716 923 3798 79·
952 3712 1140 3796 Lessium
1159 3715 1254 3796 libro
1270 3719 1307 3793 2.
1327 3716 1453 3822 cupite

266 3820 382 3900 adub-
393 3825 430 3900 2.
452 3822 698 3905 Bonacinam
713 3833 823 3936 saepe
834 3824 1002 3907 citatum
1016 3827 1113 3934 disp·
1130 3830 1164 3905 l·
1178 3855 1216 3934 q.
1232 3827 1297 3908 vlt.
1313 3825 1345 3933 ᾧ.
1359 3830 1397 3905 2.
1411 3855 1449 3909 n.

264 3933 303 4050 5:
324 3942 360 4011 et
377 3935 620 4041 sequentibus,
647 3938 708 4018 vbi
726 3939 819 4024 citat
832 3939 926 4019 alios
941 3939 1138 4018 Doctores·

317 4048 372 4126 66
431 4042 509 4125 His
558 4045 862 4135 conditionibus
908 4046 1157 4161 suppositis,-
1182 4060 1228 4132 et
1251 4048 1450 4157 ¹breuiter

1323 4164 1450 4276 expli-
