3456 4734
338 328 391 410 16

280 481 429 569 intulit.
472 481 618 568 Postea
636 483 918 568 continuatum
937 498 999 568 est
1012 484 1166 570 bellum
1185 482 1292 569 inter
1311 482 1462 566 Hiber-

279 622 370 694 nos,
400 608 442 677 et
476 595 648 706 Anglos,
673 597 772 707 quin
804 596 933 678 immo
961 597 1069 680 inter
1095 598 1206 709 ipsos
1238 595 1462 697 Hibernos,
1495 628 1497 632 ·

138 735 139 740 ¹
281 706 463 817 quorum¹
486 735 571 789 non
602 707 722 820 pauci
750 707 1119 820 partes-Dennysij
1153 724 1196 792 et
1230 707 1461 820 Anglorum

283 817 427 901 acriter
445 819 673 903 tuebantur.
950 877 983 889 .·
1054 880 1057 891 .
1179 868 1182 873 -
1416 912 1419 916 ,

339 934 392 1012 15
452 928 614 1015 Interea
631 929 870 1043 Dermysius
890 929 983 1014 Rex
1002 930 1186 1042 Lagenie
1203 931 1349 1043 plenus
1375 930 1464 1014 die·

280 1041 369 1131 bus,
391 1056 433 1123 et
451 1069 601 1125 vacuus
618 1043 750 1144 bonis,
783 1071 830 1125 ac
849 1043 1064 1152 meritorijs
1083 1042 1287 1154 operibus,
1319 1043 1464 1125 Parna-

277 1151 348 1236 siae
373 1152 483 1235 diem
517 1153 661 1238 clausit
691 1171 921 1238 extremum
950 1182 1059 1236 anno
1093 1157 1214 1239 1171.
1265 1151 1331 1238 Ile
1356 1153 1463 1235 illius

281 1261 411 1375 culpis
431 1281 474 1347 et
493 1265 609 1348 malis
628 1265 808 1349 moribus
828 1267 956 1350 inulta
973 1266 1148 1377 legimus
1167 1268 1276 1378 apud
1303 1265 1464 1347 Autho-

281 1403 344 1457 res
373 1375 473 1457 nibil
493 1376 547 1460 de
565 1376 710 1460 ultima
732 1378 818 1462 eius
835 1377 1082 1490 paenitentia,
1112 1393 1154 1460 et
1178 1377 1464 1476 satisfactione,

247 1485 253 1500 '
281 1514 401 1595 quam
423 1487 529 1589 Deo,
561 1503 603 1572 et
620 1489 856 1573 hominibus
875 1489 1068 1578 exhibire
1087 1488 1304 1573 debuisset.
1362 1487 1461 1573 Eius

282 1598 410 1682 breue
429 1599 612 1682 scribunt
629 1599 822 1712 Elogium
843 1599 1373 1684 Rich‘ardus·‹Stanihurstus
1393 1599 1461 1683 lib.

279 1715 317 1796 ‘a
334 1709 386 1820 de
397 1712 519 1793 rebus
531 1711 574 1794 in
582 1706 788 1796 ¹Hib‘er'nia
801 1713 924 1823 gestis
939 1732 1029 1824 pag.
1043 1719 1110 1795 59.
1125 1727 1172 1795 et
1188 1712 1463 1823 sequentibus,

279 1837 322 1903 et
331 1821 400 1904 hb.
417 1831 453 1904 3.
469 1851 557 1933 pag.
576 1820 738 1905 111.'D.·
750 1823 893 1906 Petrus
908 1823 1164 1919 Lombardus
1177 1823 1464 1936 Arcbiepisco·

278 1961 355 2045 pus
387 1935 668 2017 Armaohanus
687 1934 730 2017 in
743 1936 1059 2020 Commentario
1085 1935 1233 2046 'Regni
1252 1935 1464 2019 Hibemiae

279 2073 365 2154 cap.
392 2048 461 2130 17.
475 2073 565 2157 pag.
592 2052 686 2129 248.
716 2060 759 2131 et
778 2048 1054 2158 sequentibus,
1071 2046 1128 2150 D,
1147 2045 1358 2158 Philippus
1379 2047 1464 2128 Sul-

279 2154 449 2238 leuanus
467 2172 584 2255 tomo
599 2156 636 2239 P.
655 2157 847 2241 Historiae
868 2158 1099 2260 Catholicae,
1113 2158 1327 2264 Hiberniae
1340 2157 1408 2240 lib.
1429 2164 1462 2237 1.

282 2266 614 2381 cap.3.‘et·alij;‘
662 2329 666 2336 .
754 2334 756 2338 ,
1157 2333 1160 2338 ,
1254 2288 1256 2292 ’
1406 2282 1411 2298 ’
1452 2364 1455 2369 ,

207 2479 209 2482 ¹
342 2386 393 2462 16
440 2378 541 2462 Haec
571 2380 679 2464 dum.
706 2397 916 2493 geruntur,
943 2381 1036 2464 Rex
1066 2379 1226 2492 Angliae
1259 2381 1463 2464 Henricus

185 2572 190 2578 .
282 2491 493 2573 Secundus
515 2520 609 2576 cum
640 2493 797 2605 ingenti
820 2493 948 2577 classe
966 2509 1009 2576 et
1038 2521 1190 2604 magno
1217 2510 1464 2578 armatorum

280 2602 511 2703 numero‘in
533 2603 777 2689 Hibelniam
790 2605 915 2705 venit,
933 2605 977 2688 et
993 2605 1211 2689 Ciuitatem
1234 2603 1466 2687 Vuaterfor-

280 2714 449 2797 densem
470 2715 642 2829 'appulit
671 2716 740 2800 die
757 2723 831 2800 ¹18·
849 2718 1004 2800 mensis
1024 2718 1213 2820 Octobris
1238 2745 1347 2799 anno
1366 2715 1477 2826 'Dni

281 2829 399 2910 1172.
445 2819 540 2911 'Vbi
560 2826 611 2912 ab
631 2828 831 2940 aliquibus
851 2826 1114 2943 Magnetibus
1135 2827 1332 2911 Hibernis
1349 2830 1465 2910 vrba-

224 2926 386 3043 “niter
404 2955 605 3052 exceptus·
621 2955 697 3047 est,
715 2969 800 3023 non
820 2954 865 3024 vt
887 2940 1067 3022 Rex'aut
1085 2938 1291 3023 Dominus
1317 2937 1467 3022 Hiber-

154 3131 157 3136 .
281 3049 376 3152 niae,
405 3052 477 3159 sed
496 3069 540 3134 vt
567 3044 801 3155 Praefectus,
819 3051 1217 3136 vel-'Commissarius
1246 3056 1270 3134 a
1296 3053 1466 3135 Summo

222 3175 227 3185 '
280 3158 480 3246 Pontifice
499 3163 719 3268 mississet
732 3183 777 3246 vt
795 3191 964 3247 omnem
982 3163 1098 3250 litem
1114 3166 1232 3269 inter
1246 3163 1467 3262 Hibernos,

281 3288 323 3356 et
345 3274 505 3386 Anglo's
533 3304 624 3358 com
650 3270 823 3380 'oneret
841 3275 947 3359 sicut
973 3275 1082 3377 fecit,
1106 3277 1152 3359 'e‘t
1175 3292 1319 3388 postea
1346 3278 1468 3373 anno,

279 3388 465 3495 sequenti
478 3387 521 3470 in
536 3307 731 3500 Angliam
742 3411 929 3476 reuersus
940 3401 1013 3470 est
1037 3388 1230 3472 Ceterum
1243 3387 1466 3498 Anglinon

204 3515 211 3531 ·
279 3496 413 3578 solum
427 3512 565 3599 terras,
580 3520 623 3582 et
636 3498 915 3613 possessiones
928 3494 952 3582 b
965 3498 1081 3612 Rege
1093 3499 1312 3611 Dermysio
1325 3506 1467 3610 accep·

278 3623 341 3690 tas
355 3609 473 3709 tueri,
493 3626 535 3693 et
548 3611 721 3723 pacifice
731 3607 939 3725 possidere
957 3613 1106 3715 conati,
1119 3614 1166 3696 et'
1173 3611 1356 3694 contenti
1367 3618 1468 3692 sunt

282 3718 342 3826 (vt
363 3719 442 3802 illis
460 3722 796 3837 praemittebatur)
826 3721 1047 3808 sedetiam
1067 3724 1111 3806 in
1134 3723 1231 3805 alias
1262 3710 1466 3805 Hiberno-

280 3860 371 3912 rum
390 3833 668 3944 possessiones
690 3834 891 3948 impeturn
908 3834 1018 3963 ¹saepe
1043 3834 1227 3920 fecerunt
1258 3833 1466 3916 confluen-

281 3941 389 4024 tibus
408 3949 460 4025 erl
483 3945 632 4056 Anglia
650 3946 782 4032 indies
801 3944 1059 4047 auxiliaribus
1077 3946 1287 4028 militibus.
1325 3947 1468 4039 ,Quare

279 4053 433 4137 bellurn
467 4058 604 4140 statim
648 4073 744 4170 post
788 4057 960 4143 Henrici
995 4056 1215 4163 discessum
1256 4058 1466 4140 subortum

293 4178 296 4185 '
1394 4183 1469 4269 est,
