3456 4734
362 499 445 551 nem
460 469 645 570 declaras,
658 480 695 552 et
706 472 764 551 rei
768 469 939 578 feliciter
946 470 1126 578 gerenda
1133 468 1543 577 principinmdcaeles-
1605 548 1608 559 ,

355 584 391 661 ti
418 592 490 690 ope
508 584 736 690 auspicatus,
756 595 838 662 'non
864 580 986 662 minus
1011 580 1202 662 lumiliter
1228 608 1343 689 quan
1366 581 1543 690 religiosi

355 687 617 804 ‘Apostolicom
630 694 917 774 benedictionem
934 695 961 772 d
980 693 1084 774 nobis
1097 693 1282 800 postolos.
1311 692 1544 774 Ptaectamm

248 831 251 841 ·
357 805 459 884 bunc
472 805 513 883 in
531 807 767 905 teardorem,
780 805 1273 895 etcomtantiamadnersns
1286 803 1491 903 terestres,
1504 816 1542 889 et

359 944 458 1007 uera
471 917 572 1020 fidei
594 918 758 997 animam
779 942 856 996 non
877 916 1244 1035 parnm4londamns
1257 950 1270 996 .-
1285 925 1446 1023 .tneque
1463 917 1540 1001 ton

352 1026 505 1133 pridem
515 1029 668 1135 pietatis
679 1028 821 1134 conscij
834 1029 860 1106 d
873 1038 911 1108 te
921 1038 1158 1134 expectamus
1170 1029 1212 1108 in
1228 1027 1302 1108 bac
1314 1029 1538 1135 opportuni·

257 1217 260 1223 ,
355 1144 433 1228 tote
459 1141 614 1239 stream,
639 1150 751 1247 atqne
768 1133 900 1219 encelsi
917 1141 1061 1220 roboris
1083 1139 1320 1236 documenta,
1344 1163 1430 1245 qna
1448 1150 1539 1221 ante

354 1249 428 1328 bac
437 1251 673 1358 magnaram
681 1251 839 1332 nmninis
840 1251 1363 1359 famomtibicompararnnt.
1378 1242 1539 1336 illoram

195 1423 203 1439 ,
349 1363 503 1467 pariter
516 1363 812 1442 commendamus
821 1363 1032 1463 consilinm,
1044 1387 1137 1470 qnos
1153 1374 1217 1443 tm
1229 1364 1401 1445 ‚matam
1420 1388 1539 1451 caena

348 1471 419 1577 plo
438 1474 669 1581 significastis
691 1475 897 1580 Speremus
914 1486 1039 1554 antem
1053 1476 1162 1581 sore,
1179 1485 1223 1554 ot.
1236 1474 1445 1554 nutamus
1462 1484 1539 1556 tae

352 1585 1535 1692 cansieprastosit,vtnotamfociatinpopnlisoirtntemsoarn.

352 1693 525 1795 Interim,
534 1709 575 1778 ot
584 1697 970 1803 cmfidentins-cnncta
979 1696 1276 1805 aggredimnioi,
1286 1703 1355 1776 nos
1368 1695 1538 1780 diuinam

351 1804 583 1921 clementiam
608 1808 860 1889 indesinenter
882 1819 1049 1907 orantes,
1071 1820 1111 1889 ot
1137 1809 1452 1892 aduersariorum.
1473 1835 1536 1892 coe

350 1921 518 1999 natnsin
534 1919 694 1999 nibilum
712 1921 893 2029 redigam
921 1921 1001 2019 tibi,
1025 1915 1242 2027 caterisque
1265 1919 1534 2000 catbolicornm

351 2054 429 2107 rem
442 2032 484 2109 in
496 2031 684 2136 predicto
698 2059 820 2139 regno
837 2033 1027 2112 curaturis
1039 2041 1205 2112 noctram
1218 2030 1377 2112 libenter
1389 2033 1534 2136 impar-

251 2244 254 2249 V
351 2140 467 2217 timnr'
495 2142 796 2241 benedictionem,
823 2145 1090 2250 uniuersisque,
1121 2142 1169 2222 ‘et'-
1187 2144 1358 2252 singnlis,
1384 2145 1417 2222 si
1444 2141 1532 2223 aere
1604 2176 1609 2186 ·

345 2253 571 2356 penitentes
582 2256 742 2362 corffessi
748 2251 1088 2361 fuerintetsacra
1098 2256 1357 2336 communione
1378 2249 1426 2358 (si
1433 2253 1532 2355 fieri

342 2362 479 2474 possit)
490 2364 612 2462 debite
623 2367 768 2473 respecti,
780 2367 999 2472 plenariam
1014 2390 1165 2447 suornm
1172 2377 1416 2473 peccatorum
1428 2365 1532 2447 oeni

348 2500 410 2552 am
424 2486 461 2554 et
470 2477 743 2572 remissionem
759 2487 873 2585 atq'ne
885 2479 926 2558 in
937 2480 1070 2558 mortis
1082 2478 1242 2558 articulo
1255 2477 1531 2584 indulgentiam

346 2587 460 2666 etiam
472 2589 692 2695 plenariam
711 2589 930 2696 elargimur.
966 2590 1115 2670 Datum
1136 2589 1268 2668 Roma
1286 2588 1353 2667 snb
1372 2588 1527 2667 Annulo

214 2717 218 2723 '
259 2749 260 2752 κ
339 2699 543 2801 piscatoris
556 2702 619 2780 die
630 2706 667 2782 8.
689 2699 859 2781 Octobris
877 2702 992 2782 1642.
1022 2700 1272 2804 Pontificatns
1289 2701 1408 2786 nostri
1427 2726 1528 2778 anno

347 2811 411 2890 20.
434 2807 539 2890 Haec
557 2808 757 2894 Pontifex.

399 2925 453 3002 46
501 2919 593 3005 Nec
629 2920 732 3004 vllus
772 2919 1073 3005 Catholicorum
1110 2949 1287 3032 unquam
1325 2933 1419 3031 post
1455 2919 1525 3010 de-

344 3027 577 3134 fectionem,
611 3047 653 3117 et
677 3030 919 3145 apostasiam
946 3036 972 3116 ὲ
1001 3032 1083 3118 fide
1114 3032 1322 3115 Catholica
1356 3030 1525 3114 Henrici

346 3141 490 3223 Octaui
520 3142 644 3254 Regis
674 3143 852 3254 Angtiae,
879 3143 1057 3227 Eduardi
1080 3144 1205 3243 Sexti,
1224 3141 1453 3243 Elisabetae,
1481 3157 1523 3223 et

344 3248 514 3361 aliorum
546 3253 707 3366 Regum
744 3256 1029 3339 haereticorum
1057 3254 1300 3365 Anglosum,
1333 3282 1425 3337 cum
1457 3253 1527 3334 ali-

345 3360 453 3472 quali
470 3366 765 3478 probabilitatis
782 3371 800 3449 s
831 3368 918 3450 ecie
943 3367 1127 3451 dubitare
1144 3367 1279 3478 potuit
1297 3365 1349 3448 de
1375 3365 1525 3449 iustitia
1631 3403 1643 3414 ·

342 3473 438 3556 belli
471 3475 804 3574 Catholicorum·
848 3479 1092 3582 ibernosum·
1151 3477 1242 3572 Qua
1273 3477 1399 3560 dere
1431 3475 1524 3558 vide

343 3583 464 3668 etiam
479 3587 664 3691 doctum,
683 3606 725 3672 et
748 3600 872 3702 graue
899 3590 1094 3674 iudicium
1113 3589 1341 3673 Doctorum
1363 3587 1523 3670 Acade-

135 3763 138 3770 .
341 3698 512 3780 miarum
535 3699 829 3802 Salamantinae,
849 3715 890 3786 et
910 3701 1221 3786 Vallesoletanae
1233 3701 1276 3782 in
1292 3697 1521 3812 Hispannia

235 3850 239 3856 ·
339 3807 447 4000 {pud
481 3809 531 3890 D.
565 3810 796 3925 Philippum
825 3814 1084 3896 Suileuanum
1118 3829 1233 3896 tomo
1266 3819 1304 3894 3.
1337 3809 1519 3893 historiae

338 4031 367 4111 t·
370 3920 563 4113 ksptholicae
572 3922 783 4011 H‘iberniae
791 3926 894 4009 libro
909 3932 946 4009 8.
960 3955 1045 4039 cap.
1062 3930 1098 4011 7.
1113 3924 1181 4010 sol.
1192 3929 1285 4008 202.
1298 3936 1341 4008 et
1347 3950 1521 4033 sequen.

356 4059 367 4110 1
398 4060 454 4113 us.
619 4073 621 4079 ·
690 4080 693 4084 .
1062 4066 1077 4106 4

1320 4102 1323 4107 ’
1349 4146 1521 4230 scoen-
