3456 4734
271 488 837 604 Religiosarumsnstulcrunt
882 487 1004 574 Vnde
1019 517 1105 572 non
1125 487 1226 573 nulli
1244 485 1365 602 pauci
1378 484 1459 570 Eo

272 602 488 687 clesiastici
502 600 951 731 Hiberniquimundi
977 600 1277 716 cupiditatibus,
1304 600 1458 684 diaboii

271 713 575 814 tentationibus,
586 713 715 797 carnis
726 711 938 814 illecebris,
951 712 1100 797 timore
1112 741 1248 826 paenoe,
1265 712 1330 797 vel
1344 736 1458 797 arno-

268 833 317 909 r'e
335 825 477 938 premij
498 824 620 908 etiam
648 822 881 936 temporalis
909 825 1121 926 commoti,
1137 850 1162 907 a
1178 823 1260 907 fide
1281 823 1462 908 Catholi-

273 964 413 1020 corum
441 935 494 1020 ad
524 934 735 1048 perfidiam
771 935 1057 1020 haereticorum
1094 935 1350 1038 transierunt,
1380 951 1462 1044 sta-

272 1049 346 1131 tim
368 1076 524 1146 vxores,
540 1047 606 1130 vel
639 1048 774 1159 potius
802 1048 1047 1131 concubinas
1079 1047 1294 1149 duxenrnt,
1326 1045 1459 1130 ad'sa

271 1159 444 1270 crilegas·
456 1159 616 1271 nuptias
640 1158 919 1259 convolarunt,
944 1157 1063 1259 lilios,
1090 1172 1133 1242 et
1163 1158 1265 1241 filias
1290 1156 1461 1270 genera·

269 1287 377 1371 runt,
404 1296 493 1352 non
516 1270 740 1354 timuerunt
765 1298 899 1382 panas
926 1284 1107 1369 aeternas,
1136 1271 1287 1382 quibus‘
1311 1296 1357 1354 se
1382 1273 1461 1353 rui·

269 1383 347 1465 seri
367 1383 639 1495 exponebant,
669 1408 748 1465 nec
764 1379 995 1467 dilexerunt
1011 1382 1167 1494 prumia
1192 1394 1353 1484 aterna,
1371 1382 1460 1494 qui·

268 1494 343 1576 bus
371 1523 415 1578 se
439 1494 666 1606 priuabant:
687 1493 993 1592 continentiam,
1021 1511 1064 1576 et
1082 1492 1306 1576 castitatem
1331 1521 1458 1578 roue-

268 1621 375 1707 runt,
403 1604 477 1689 sed
507 1603 857 1705 incontinentiam,
887 1619 932 1688 et
957 1603 1158 1687 luxuriam
1178 1619 1458 1688 exercuerunt.

268 1716 400 1800 Tanta
417 1730 479 1801 est
505 1715 669 1799 haeresis
696 1715 864 1817 cacitas,
883 1729 927 1799 vt
944 1716 1051 1798 mala
1068 1715 1271 1827 fugienda,
1289 1730 1337 1801 ct⁴
1349 1717 1460 1799 bona

270 1824 553 1940 amplectenda
570 1855 655 1910 non
674 1827 822 1910 videat.
1231 1866 1234 1873 ·
1359 1933 1361 1937 Ι
1447 1858 1450 1863 ⁴

322 1944 350 2022 8
410 1937 611 2039 Secundo,
640 1937 783 2022 dexter
812 1937 1168 2051 oculussignificat
1199 1939 1458 2052 prudentiam

165 2086 168 2091 ¹
270 2049 547 2162 spiritualem:
564 2049 723 2133 sinister
739 2049 997 2161 prudentiam
1016 2050 1228 2134 carnalem.
1261 2051 1459 2162 lta-Sanc·

235 2267 238 2275 ν
271 2178 316 2245 to
345 2161 526 2245 Thomas
544 2162 586 2243 in
607 2161 902 2272 Apocalypsim
922 2191 1007 2276 cap.
1027 2168 1066 2245 9¹·
1085 2188 1197 2243 numa
1218 2169 1254 2243 2.
1276 2161 1346 2246 vbi
1364 2163 1461 2246 solis

268 2274 436 2357 nomine
463 2272 715 2355 intellectum
748 2271 973 2356 humanum
1002 2273 1301 2386 interpretatur,
1334 2302 1458 2386 quem

269 2384 445 2469 aduertit
473 2385 498 2466 a
524 2382 691 2467 diobolo
720 2383 852 2495 aliqua
883 2414 938 2469 ex·
971 2400 1088 2497 parte
1107 2387 1336 2486 obscurari,
1372 2412 1457 2467 non

216 2492 218 2498 ’
269 2500 408 2579 tamen
443 2493 608 2625 penitus
634 2495 902 2598 obtenebrari,
930 2498 1024 2608 quia
1061 2495 1256 2608 spirituali
1289 2495 1456 2608 quidem

265 2606 493 2718 prudentra,
513 2607 583 2717 qui
602 2622 664 2690 est
682 2607 826 2691 dexter
843 2607 996 2709 oculus,
1024 2635 1107 2691 non
1121 2621 1266 2692 tamen
1294 2609 1457 2711 carnali,

262 2719 338 2830 qui
357 2733 420 2802 est
438 2717 609 2819 sinister,
641 2717 843 2829 spoliatur.
874 2718 930 2801 Et
946 2746 1034 2804 rem
1053 2718 1267 2803 confirmat
1288 2720 1458 2832 Angeli-

268 2860 340 2914 cus
358 2830 516 2912 Doctor
534 2828 724 2941 exemplo
744 2827 870 2942 Regis
888 2829 1012 2931 Naas,
1043 2831 1113 2942 qui
1141 2829 1342 2914 deutrum>
1357 2861 1457 2943 prae-

167 2968 170 2974 ·
267 2942 406 3024 sertim
426 2940 604 3040 oculum,
621 2968 706 3023 non
726 2940 934 3026 sinistrum·
957 2943 1113 3052 eripere
1140 2944 1333 3026 tentabat
1391 2942 1457 3026 Ex

267 3082 346 3165 quo
376 3051 535 3136 elicitur
551 3051 740 3134 secunda
770 3052 884 3154 ratio,
915 3052 1010 3163 quia
1036 3052 1221 3136 diabolus
1240 3079 1324 3136 non
1344 3072 1458 3138 curat

266 3163 468 3248 carnalem
487 3162 746 3275 prudentiam
765 3163 808 3249 in
840 3163 1075 3249 hominibus
1103 3165 1356 3278 extinguere,
1385 3166 1457 3250 sed

267 3275 528 3387 spiritualem.
556 3273 665 3356 Nom
676 3275 1022 3384 pnrdentiocornis
1035 3303 1134 3358 mora
1147 3288 1200 3359 est
1212 3315 1226 3375 ,·
1248 3281 1459 3388 prudentia

265 3400 391 3469 uatem
410 3389 568 3495 spiritus
582 3388 676 3485 nito,
698 3399 735 3469 et
749 3415 850 3497 poa.-
877 3401 986 3470 teste
1003 3388 1210 3498 Apostolo
1235 3388 1285 3471 ad
1307 3389 1460 3472 Roma-

266 3526 343 3580 nos
363 3506 400 3580 8.
419 3524 533 3580 num.
552 3503 589 3580 b
615 3495 704 3580 utdt
729 3525 826 3609 ergo
845 3497 1029 3580 diabolus
1048 3499 1128 3580 hoc
1161 3528 1234 3582 suo
1267 3515 1458 3610 stratage-

264 3623 378 3692 mate
405 3607 595 3691 homines
628 3610 838 3700 carnaliter
863 3607 1061 3710 oculatos,
1092 3609 1355 3721 spiritualiter
1385 3615 1459 3696 ob·

268 3733 448 3818 caecatos,
466 3735 511 3800 vt
528 3718 694 3801 videant
711 3749 794 3803 non
814 3719 1001 3821 videnda,
1015 3736 1057 3805 et
1068 3748 1123 3804 ne
1137 3720 1303 3804 videant
1316 3723 1459 3808 viden·

266 3829 331 3930 da,
350 3843 397 3913 et*
410 3829 703 3941 amplectenda
734 3829 931 3915 Haeretici
951 3830 1082 3944 Angli
1095 3830 1355 3944 prudentiam
1375 3838 1457 3949 spi-

266 3939 453 4024 ritualem
472 3955 647 4024 uestram
677 3941 926 4043 extimuere,
958 3958 1001 4026 et
1025 3941 1227 4026 carnalem
1254 3944 1459 4060 relinque-

264 4080 309 4135 re
327 4071 433 4164 soepe
451 4048 739 4137 desiderarunt.
769 4008 868 4136 lion
888 4080 941 4135 ue
959 4050 1053 4138 ideo
1086 4053 1293 4140 literarum
1321 4059 1456 4143 studia

323 4196 328 4207 “
774 4178 779 4189 “
1324 4171 1458 4254 extin-
