3456 4734
309 297 364 377 48

254 463 316 534 sta
334 427 570 556 celebratas,
594 466 682 533 esse
702 446 799 578 ipso
823 444 944 554 facta,
962 463 1005 536 et
1021 447 1109 535 iure
1130 446 1308 561 positiuo
1327 447 1439 534 ciuili
1570 483 1576 496 ¹

254 562 450 663 humano,
483 574 525 644 et
557 559 765 644 Cinonrco
797 559 943 665 irritos,
974 560 1041 646 vel
1070 577 1180 645 certe
1211 559 1438 646 irritandos.

161 779 164 783 ι
255 672 311 756 Et
329 672 436 756 facili
454 670 621 782 negotio
646 672 821 784 probari,
847 671 1089 783 ostendique
1107 685 1244 784 potest
1258 701 1310 756 ex
1328 686 1440 756 utro·

255 815 336 896 que
354 784 441 868 iure
459 782 590 895 prima
609 783 810 869 sententia
828 812 1008 869 asserens
1026 783 1217 912 primum.

172 952 174 956 ι
309 895 506 978 Probatur
534 923 645 1006 erga,
669 910 712 979 et
729 895 958 980 ostenditur
984 923 1120 1007 primo
1149 922 1202 979 ex
1228 893 1255 976 l.
1278 901 1315 977 1.
1350 909 1454 1007 cap.'

254 1008 307 1091 de
326 1003 593 1092 rescindenda
610 1005 860 1108 venditione,
878 1006 946 1091 ibi·
975 1009 1099 1089 Irrita
1113 1019 1179 1107 eet,
1199 1005 1302 1100 Quae
1316 1008 1439 1090 verba
1492 1050 1494 1060 ·

252 1138 348 1203 'cum
368 1119 449 1200 sint
466 1118 677 1229 praesentis
696 1131 780 1200 tem
812 1118 891 1202 oris
910 1118 1219 1231 dispositionem
1238 1117 1440 1201 inducunt

253 1232 342 1344 ipso
358 1230 479 1328 facto,
494 1245 536 1312 et
550 1229 636 1313 iure
652 1229 765 1313 iuxta
776 1147 1002 1313 ‹iactrinam
1014 1228 1171 1341 glossae.
1198 1228 1250 1311 L.
1263 1229 1439 1311 rubemus

256 1348 318 1425 14.
335 1343 367 1449 i.
380 1369 588 1424 retenemus
611 1343 736 1424 Verba.
753 1343 948 1424 Priaetar.
969 1344 1011 1424 0.
1025 1344 1073 1423 de
1088 1343 1345 1422 saerosanctis
1358 1340 1439 1421 Ea-

253 1456 386 1562 cteejr,
399 1465 435 1535 et
448 1453 474 1534 1.
489 1458 527 1536 5.
539 1453 661 1535 aerbo.
669 1453 838 1534 Habeas.
849 1454 1264 1561 Cap.deiarisdiatioae
1276 1455 1439 1533 omnium

254 1567 443 1667 Iudicem,
469 1575 700 1673 testaturque
725 1565 937 1647 Cremenrie
953 1566 1092 1674 singul.
1113 1567 1150 1648 7.
1171 1563 1317 1667 Iasron.
1344 1563 1369 1644 l.
1397 1567 1436 1645 2.

252 1705 352 1759 aum.
373 1681 435 1758 13.
450 1688 486 1757 et
505 1681 564 1759 15.
583 1676 678 1785 Cap.
694 1676 742 1758 de
754 1676 1011 1785 iureempltyt.
1038 1675 1231 1784 Tiraquel.
1246 1700 1329 1755 cum
1340 1678 1438 1755 mut

252 1793 313 1888 tir,
327 1789 574 1895 tarataram
598 1789 714 1869 Verbo
732 1785 1021 1896 (Revertatur)
1038 1813 1139 1869 ream.
1152 1790 1216 1868 21.
1232 1796 1269 1868 et
1279 1797 1435 1894 requen-

252 1903 360 1983 ritus.
381 1900 476 2007 Cap.
489 1901 671 1980 dereaaa.
687 1901 815 1981 donat.

311 2008 498 2094 Secundo
510 2038 562 2093 ex
576 2011 601 2090 1.
619 2012 696 2107 Qut
707 2012 747 2091 ia
761 2013 903 2112 atiena,
916 2011 947 2118 §
967 2011 1109 2110 celsus,
1113 2010 1165 2117 ff
1185 2010 1435 2117 deaequr'rea.

251 2123 392 2203 lrcered.
411 2122 473 2202 ibi.
499 2123 575 2218 Qut
588 2124 909 2224 materteram,
926 2124 988 2206 ael
1004 2123 1131 2232 atiquo
1145 2123 1277 2203 timore
1288 2130 1438 2202 coactus
1534 2142 1538 2147 ·

237 2235 389 2341 falleres
399 2234 540 2314 adierit
549 2232 907 2332 haereditemur
917 2235 1078 2333 tiberait,
1087 2233 1275 2313 heredem
1285 2258 1361 2328 aaa
1357 2231 1437 2336 fie-

250 2348 287 2427 ri
299 2344 444 2453 placet,
460 2346 540 2427 siae
557 2369 687 2426 seruus
704 2348 764 2446 sit,
786 2348 976 2428 amttam
994 2345 1181 2426 heredem
1199 2345 1433 2452 nonfacere.

176 2552 179 2558 ¹
252 2455 364 2539 Eroo
384 2470 497 2538 metu
514 2469 628 2566 gesta
646 2469 741 2539 sunt
759 2455 868 2538 nulla
887 2457 976 2568 ipso
995 2455 1092 2538 iure.

343 2565 447 2651 ertio
463 2595 516 2650 ex
533 2569 559 2648 t.
584 2563 661 2664 Qut
675 2570 716 2650 ia
731 2595 919 2650 carcerem
936 2572 1001 2648 22.
1006 2567 1058 2676 ff
1073 2567 1122 2649 de
1140 2594 1182 2648 eo
1201 2567 1304 2674 qaod
1317 2576 1437 2646 metus

251 2705 369 2761 causa
383 2679 445 2760 ibi
475 2680 552 2775 Qut
572 2680 613 2760 tn
631 2708 832 2780 carcerem,
846 2707 954 2789 qaem
968 2680 1138 2779 detersit,
1155 2689 1195 2760 at
1212 2677 1361 2784 aliquid
1372 2704 1436 2757 ea·
1581 2721 1585 2730 ·

249 2801 453 2899 torqueret,
514 2789 1436 2900 idquitobhaeeeausamfactamestrtrdliasmo-

250 2904 366 2983 menti
379 2912 443 2981 est.
514 2902 555 2983 bi
568 2916 683 3012 patet
700 2917 850 3004 actum,
868 2916 911 2985 et
924 2913 1177 2984 contractum
1196 2912 1310 2982 metu
1329 2897 1436 2981 cele·

251 3016 412 3096 beatum
440 3009 529 3122 ipso
549 3012 635 3095 iure
661 3012 821 3095 nullum
850 3041 948 3096 esse.
1005 3010 1080 3095 Illa
1107 3010 1218 3096 enim
1241 3008 1437 3120 particula

254 3121 411 3232 (nutrius
431 3126 608 3205 momenti
632 3128 702 3233 est)
729 3125 923 3237 importat
941 3123 1051 3207 idem
1077 3120 1188 3234 quod
1208 3118 1358 3202 nullius
1377 3119 1436 3201 vi-

250 3235 373 3346 goris,
386 3233 627 3337 autvaloris,
640 3264 725 3346 cap.
740 3240 909 3320 ordinat.
922 3233 1437 3342 infiaedecfficioardiaarij

251 3353 293 3429 ia
311 3358 425 3447 reato,
443 3361 486 3427 et
503 3345 559 3427 ibi
578 3359 694 3428 notat
714 3345 1050 3430 Archidiaconus:
1070 3359 1114 3428 et
1131 3343 1188 3428 sia
1202 3341 1436 3452 intelligunt

251 3457 366 3539 illum
387 3456 564 3543 Textum
579 3455 711 3559 multi,
728 3487 833 3570 quos
843 3457 953 3561 citat,
966 3473 1009 3542 et
1023 3455 1203 3569 sequitur
1222 3451 1432 3536 Rolandus

251 3599 350 3654 corte.
364 3575 401 3651 2.
417 3597 517 3650 ream.
532 3575 596 3652 83.
615 3571 763 3652 limitat.
787 3577 822 3652 1.

308 3682 466 3775 Quarto
481 3707 533 3762 ex
551 3680 576 3761 l.
591 3685 628 3761 2.
634 3680 686 3789 ff
700 3683 748 3763 de
761 3682 924 3792 iudia’jr,
936 3709 1030 3764 vers.
1046 3707 1094 3762 ac
1105 3682 1137 3763 ri
1149 3679 1350 3779 restitisset,
1364 3675 1434 3758 ubi

252 3792 285 3874 si
304 3791 393 3903 quis
412 3804 574 3874 coactus
589 3790 640 3875 sit
658 3792 873 3876 aPraetare
888 3791 973 3876 eius
987 3789 1252 3874 iurisdictioni
1264 3815 1434 3873 consen-

253 3902 342 4003 tire,
361 3903 471 3986 nulla
491 3915 552 3985 est
570 3930 646 4014 pro
664 3905 822 4018 rogatio
840 3901 929 4016 ipso
948 3903 1046 3987 iure.

308 4012 476 4116 Quinto,
507 4041 601 4098 cum
627 4013 744 4101 dolus
773 4014 844 4101 dat
871 4041 1032 4100 causam
1060 4010 1284 4099 contractui
1311 4012 1433 4204 iffae

1381 4149 1433 4223 er,
