3456 4734
323 327 402 405 124

322 479 511 594 Applico.
559 475 650 560 Nos
686 476 860 563 Hiberni
894 476 1090 563 Catholici
1127 479 1329 580 nolumus,
1363 505 1444 560 nec

267 591 348 673 vllo
376 607 563 704 tempore
581 588 699 691 velle,
726 604 795 674 aut
818 591 1053 702 permittere
1080 589 1288 692 debemus,
1306 604 1349 672 vt
1366 618 1441 699 gu-

265 704 524 788 bernemura
547 730 593 784 su
623 702 832 794 erbissimo
856 699 971 829 Rege
997 701 1202 803 haeretice,
1228 703 1298 812 qui
1320 701 1442 784 iactat

266 845 309 897 se
329 844 416 898 esse
435 829 555 926 caput
645 810 777 896 clesiae
805 813 846 894 in
875 843 894 895 s
923 813 1157 912 tritualibus,
1178 830 1221 900 et
1238 829 1442 923 tempora-

264 925 382 1026 libus,
414 940 455 1009 et
480 924 733 1008 defensorem
762 923 857 1008 fidei
886 842 1119 1026 Catholicae,
1146 953 1239 1008 cum
1266 952 1361 1009 vere
1388 924 1442 1006 sit

266 1039 454 1136 offensor,
466 1050 509 1122 et
523 1037 780 1147 impugnator
791 1035 971 1119 eiusdem
985 1036 1093 1139 fidei,
1104 1054 1147 1120 et
1157 1036 1441 1144 mysteriomm

267 1150 363 1231 eius.
386 1148 493 1243 Quid
512 1175 609 1260 ergo
624 1146 894 1241 ?,Habeamus
913 1145 1070 1259 Regem
1093 1147 1346 1231 Catholicum
1365 1147 1443 1229 fra·

266 1276 370 1342 trem
390 1275 588 1360 nostrum,
606 1274 648 1342 et
666 1258 818 1343 iudices
836 1257 959 1343 etiam
981 1257 1223 1359 Catholicos,
1242 1274 1284 1342 et
1302 1287 1448 1341 verna·

268 1372 380 1454 culos
394 1372 434 1453 in
456 1369 768 1482 temporalibus:
802 1369 844 1452 in
859 1369 1128 1481 spiritualibus
1156 1386 1291 1453 autem
1312 1368 1443 1454 IESV

268 1483 415 1566 Christi
450 1480 666 1581 Vicarium‚
703 1497 744 1565 et
781 1509 1052 1565 successorem
1091 1481 1197 1566 Petri
1230 1481 1442 1565 Summum

267 1593 504 1682 Pontificem
532 1591 778 1693 Romanum,
806 1609 848 1676 et
875 1593 948 1676 sub
976 1593 1057 1688 hoc
1084 1609 1244 1675 nostros
1265 1592 1445 1676 Catholi-

266 1735 335 1787 cos
364 1705 601 1816 Episcopos,
629 1719 671 1786 et
701 1703 948 1803 Sacerdotes,
977 1704 1362 1788 anathematizantes
1390 1734 1444 1787 ex

266 1819 346 1898 hoc
364 1845 487 1916 nunc,
506 1816 608 1899 etin
627 1832 869 1927 perpetuum
880 1843 1036 1906 ,omnes
1061 1816 1265 1909 ministros
1282 1815 1445 1899 haereti-
1554 1864 1555 1868 κ

265 1959 336 2011 cos
354 1929 642 2038 cuiuscumque
661 1943 781 2011 sectae
800 1944 1006 2037 tamquam
1026 1926 1175 2011 diaboli
1194 1929 1387 2011 membra.

322 2046 374 2122 19
429 2038 603 2122 Hiberni
630 2039 712 2121 mei
740 2039 896 2131 habetis
924 2039 1101 2148 optimos
1129 2038 1224 2121 belli
1246 2036 1381 2123 Duces
1399 2039 1443 2121 in

266 2164 316 2233 re'
329 2149 491 2233 militari
510 2164 699 2250 versatos,
718 2166 761 2233 et
779 2149 1016 2233 fortissimos
1036 2150 1195 2252 milites,
1214 2150 1282 2260 qui
1302 2150 1446 2236 aduer-

266 2262 460 2344 sariorum
489 2289 705 2345 uumerum
733 2278 776 2345 et
803 2258 1081 2353 fortitudinem
1109 2262 1233 2372 longo
1253 2276 1444 2375 superant

266 2371 492 2486 interuallo.
527 2370 725 2461 Hibernia
749 2385 898 2472 nostra,
926 2385 969 2454 vt
996 2387 1095 2485 pote
1122 2373 1233 2484 regio
1252 2373 1446 2457 fertilissi-

266 2513 346 2586 ma,
364 2499 406 2568 et
423 2483 665 2569 feracissima
683 2485 861 2568 abundat
875 2482 1076 2567 alimentis
1094 2513 1168 2598 pro
1188 2484 1297 2587 belli,
1315 2499 1357 2567 et
1374 2515 1446 2597 pae

266 2597 323 2679 cis
350 2594 608 2708 temporibus.
656 2595 725 2679 Ex
754 2594 927 2695 tributis,
958 2624 1045 2705 quae
1075 2597 1269 2680 haereticis
1299 2597 1446 2708 Anglis

267 2708 483 2791 soluebatis
511 2708 677 2818 singulis
705 2707 819 2790 annis
847 2709 1016 2819 potestis
1044 2709 1095 2791 sti
1125 2707 1244 2793 endia
1262 2735 1445 2791 necessa-

266 2821 337 2921 ria,
354 2834 398 2903 et
417 2817 653 2903 sufficientia
679 2819 821 2903 vestris
851 2818 1067 2902 Catholicis
1086 2738 1281 2920 Hucibus,
1309 2835 1351 2902 et
1369 2822 1446 2901 mi-

266 2930 402 3014 litibus
421 2930 628 3032 exhibere‚
653 2931 830 3015 maxime
848 2929 1044 3014 accedens
1063 2930 1284 3014 subsidium
1304 2929 1447 3015 Eccle-

267 3043 480 3126 siasticum.
530 3040 702 3127 Habetis
720 3042 881 3144 multas,
898 3055 941 3125 et
959 3041 1084 3126 bonas
1103 3042 1285 3126 ciuitates
1303 3041 1445 3126 validis

266 3154 404 3254 muris,
421 3152 630 3267 profundis
649 3153 777 3257 fossis,
795 3169 838 3239 et
855 3151 1089 3254 fortissimis¹
1099 3153 1274 3237 turribus
1293 3154 1445 3238 circum

268 3265 432 3365 cinctas,
457 3265 663 3376 inquibus
692 3281 734 3350 et
755 3295 828 3348 vos
851 3260 1083 3368 defendere,
1100 3281 1143 3350 et
1159 3265 1298 3362 hostes
1315 3268 1445 3351 offen-

267 3375 364 3460 dere
396 3376 502 3460 facili
534 3378 701 3486 negotio
732 3377 913 3489 potestis.
976 3375 1148 3462 Habetis
1176 3378 1288 3460 verbi
1319 3378 1446 3488 gratia

267 3486 570 3590 Vvexfordiam,
617 3487 951 3589 Vvaterfordiam,
999 3488 1210 3589 Galueam,
1265 3487 1445 3580 Lomna-

269 3598 401 3701 cham,
419 3616 462 3683 et
479 3599 575 3682 alias
592 3599 826 3701 maritimas,
844 3599 1001 3683 omissis
1021 3601 1194 3701 vrbibus‚
1223 3613 1266 3684 et
1284 3628 1311 3682 o
1341 3599 1445 3713 pidis

267 3710 557 3810 munitissimis,
581 3739 673 3821 quae
704 3711 809 3794 intra
837 3741 881 3797 re
909 3739 1007 3795 num
1036 3713 1184 3796 amari
1202 3741 1289 3822 per
1333 3741 1445 3823 squas

268 3820 426 3925 millias,
450 3821 516 3906 vel
537 3822 671 3906 leucas
689 3820 849 3906 distant
880 3741 1039 3906 gl'otum
1057 3823 1234 3933 denique
1254 3822 1446 3935 Regnum
1547 3908 1549 3917 ,

176 3964 180 3977 ·
270 3931 331 4040 (vt
358 3948 457 4046 pote
487 3933 634 4045 insula)
661 3934 839 4045 vndique
867 3935 967 4017 mari
994 3951 1055 4018 est
1080 3934 1372 4036 circundatum,
1389 3938 1447 4019 ita

268 4059 313 4126 vt
327 4071 528 4157 nusquam
547 4058 684 4158 pateat
702 4044 940 4157 ad'uersarijs
955 4046 1169 4159 ingressus,
1186 4045 1263 4130 nisi
1281 4074 1356 4159 per
1377 4048 1448 4131 ali·

1347 4187 1449 4271 quos
