1054 1258
332 66 366 96 E
373 66 411 97 X
414 65 459 97 H
462 66 537 97 ΟΒ
547 66 616 97 TA
627 66 693 98 TI
698 67 730 97 O

384 136 430 159 AD
455 135 676 159 omnomcos

277 194 456 235 Hybernos
486 194 638 225 Authore
672 194 710 226 C.
729 194 780 225 M.

436 258 620 278 HIBERNO.

235 311 277 358 IN
293 311 395 344 Apologia
417 318 476 339 supra
499 311 636 331 demonstraui
659 311 696 336 ius,
719 312 822 340 totaleque

290 339 403 360 domimum
415 339 481 367 Regni
491 339 596 360 Hiberniae
607 346 650 360 esse
659 347 722 367 penes
733 340 822 361 Catholi-

234 375 275 392 cos,
289 367 399 392 Hibernos,
412 370 433 388 et
449 367 527 387 nullum
544 367 629 387 omnino
648 367 701 395 apud
716 368 821 388 haereticos

235 395 319 423 Anglos.
348 395 371 415 In
382 395 474 422 sequenti
485 395 626 415 exhortatione
636 399 685 423 opto
701 395 822 423 persuadere

235 423 337 448 Hibernis,
353 427 375 443 vt
392 423 534 443 haereticorum
553 423 622 450 iugum
639 423 703 444 semel
715 431 821 444 excussum

234 458 337 479 nunquam
347 451 420 471 iterum
430 450 544 475 admittant,
553 457 592 471 nec
604 451 729 478 permittant,
740 451 776 472 sed
785 459 822 479 po-

234 480 273 499 tius
288 479 363 506 eligant
372 479 409 499 sibi
425 478 504 506 Regem
515 478 649 503 Catholicum,
663 482 684 499 et
693 479 823 500 vernaculum

234 514 269 528 seu
279 506 390 527 naturalem
401 506 523 531 Hibernum,
533 506 566 533 qui
581 513 615 526 eos
626 506 741 527 Catholicos
750 507 823 534 guber-

235 542 282 555 nare
292 535 361 562 possit,

264 565 272 582 l
290 562 404 583 Praeuidens
419 562 468 582 olim
483 561 539 582 Deus
552 562 607 589 quod
616 562 703 590 populus
713 570 760 583 suus
774 563 824 584 Isra-

234 590 312 611 eliticus
329 591 340 610 ῖι
353 594 454 618 potestate
469 589 610 617 AEgyptiorum
625 594 705 618 ereptus
721 590 770 617 (non
781 591 824 612 sine

234 618 340 643 miraculis,
355 622 376 639 et
391 617 504 666 prodigiis}z
508 617 551 638 fore
567 621 589 638 vt
604 617 711 646 aliquando
724 618 824 640 desidera-

234 651 271 672 ret,
280 654 303 667 ac
313 646 423 674 postularet
433 646 470 666 sibi
506 652 571 674 egem,
583 646 636 666 hanc
645 646 664 667 ei
674 646 742 674 posuit
750 647 824 674 legem,

234 679 255 695 et
264 679 395 702 praeceptum,
409 674 430 694 in
445 673 609 694 Deuteronomio
623 674 689 702 capite
706 675 736 695 17.
752 675 785 695 vbi
796 675 824 695 sic

233 703 295 723 habet
304 710 359 723 sacer
367 706 441 722 textus.
457 702 505 722 Cum
514 702 676 729 ing-rexsuxsmm's
682 705 759 727 terram,
768 710 825 729 quam

234 731 329 751 Dominus
339 731 392 750 Deus
401 733 443 750 tuus
452 730 504 750 dabit
513 730 553 754 tibi,
559 732 577 749 et
585 730 685 756 possideris
694 737 742 755 eam,
751 731 825 751 hubita-

233 759 296 786 risque
301 759 321 778 in
328 759 369 783 illa,
375 761 392 778 el
398 758 476 778 dixeris:
483 758 593 778 constituam
598 765 654 784 super·
659 765 688 778 me
694 758 773 785 Regem,
778 759 825 779 sicut

233 787 301 807 habent
306 793 367 806 omnes
371 793 409 813 per
413 786 509 805 circuitum
516 786 609 805 nationes:
616 792 657 805 eum
663 786 767 811 constitues,
771 794 825 813 quem

233 815 329 835 Dominus
340 814 393 834 Deus
402 816 444 833 tuus
449 813 527 840 elegerit
534 814 557 833 de
564 820 640 833 numero
648 814 735 840 fratrum
744 817 824 834 tuorum.

233 842 353 869 Nnnpoteris
357 842 434 862 alterius
437 841 500 868 gentis
505 841 596 861 hominem
600 841 673 868 Regem
676 842 782 869 facere,qui
786 849 824 862 mm

233 871 257 890 xit
260 871 328 898 frater
336 873 384 890 tuus.
403 868 450 889 Huc
460 876 522 896 Vsque
532 869 593 889 verba
602 868 648 889 Dei.
665 868 718 889 Haec
727 869 824 895 conditio

233 902 255 918 vt
263 898 309 918 Rex
315 897 341 918 sit
347 897 413 922 frater,
419 896 459 916 hoc
465 901 501 921 est,
507 896 598 917 eiusdem
604 896 698 922 nationis,
704 900 724 917 et
731 905 770 918 non
777 897 825 918 alie-

234 925 419 953 nigena‚praeeipu=}
425 925 436 944 εἰ
442 924 488 945 Deo
494 924 566 952 posita,
572 928 602 945 est
608 924 635 944 ob
641 925 752 952 periculum
759 925 824 945 Idola-

233 954 303 978 latriae,
325 952 450 976 eruersionis,
457 950 552 979 salsaeqne
560 952 586 973 de
592 951 639 972 Deo
647 952 745 973 doctrinae
753 957 773 973 et
783 953 825 973 cul-

234 986 273 1008 tus,
282 986 304 1002 vt
314 984 434 1008 interpretes
443 979 476 1000 hic
486 984 563 1000 notant.

515 1007 533 1027 O
672 1010 685 1028 2
698 1008 827 1029 Posmiarum
