<?xml version="1.0" encoding="UTF-8"?>
<!DOCTYPE html PUBLIC "-//W3C//DTD XHTML 1.0 Transitional//EN"
    "http://www.w3.org/TR/xhtml1/DTD/xhtml1-transitional.dtd">
<html xmlns="http://www.w3.org/1999/xhtml" xml:lang="en" lang="en">
 <head>
  <title>
</title>
<meta http-equiv="Content-Type" content="text/html;charset=utf-8" />
  <meta name='ocr-system' content='tesseract 3.04.00' />
  <meta name='ocr-capabilities' content='ocr_page ocr_carea ocr_par ocr_line ocrx_word'/>
</head>
<body>
  <div class='ocr_page' id='page_1' title='image "./disputatioapolo00omagoog_0040.png"; bbox 0 0 1054 1258; ppageno 0'>
   <div class='ocr_carea' id='block_1_1' title="bbox 778 36 804 46">
    <p class='ocr_par' dir='ltr' id='par_1_1' title="bbox 778 36 804 46">
     <span class='ocr_line' id='line_1_1' title="bbox 778 36 804 46; baseline 0.038 -1"><span class='ocrx_word' id='word_1_1' title='bbox 778 36 804 46; x_wconf 63' lang='lat' dir='ltr'>aa</span> 
     </span>
    </p>
   </div>
   <div class='ocr_carea' id='block_1_2' title="bbox 220 65 830 1005">
    <p class='ocr_par' dir='ltr' id='par_1_2' title="bbox 220 65 830 1005">
     <span class='ocr_line' id='line_1_2' title="bbox 237 65 830 91; baseline 0 -5"><span class='ocrx_word' id='word_1_2' title='bbox 237 65 305 90; x_wconf 81' lang='lat' dir='ltr'>fidem,</span> <span class='ocrx_word' id='word_1_3' title='bbox 313 73 353 86; x_wconf 86' lang='lat' dir='ltr'>non</span> <span class='ocrx_word' id='word_1_4' title='bbox 359 65 550 91; x_wconf 78' lang='lat' dir='ltr'>estseruandafides,</span> <span class='ocrx_word' id='word_1_5' title='bbox 556 66 627 90; x_wconf 82' lang='lat' dir='ltr'>saltem</span> <span class='ocrx_word' id='word_1_6' title='bbox 634 66 654 85; x_wconf 91' lang='lat' dir='ltr'>in</span> <span class='ocrx_word' id='word_1_7' title='bbox 661 65 733 86; x_wconf 58' lang='lat' dir='ltr'>esdem</span> <span class='ocrx_word' id='word_1_8' title='bbox 740 65 830 86; x_wconf 74' lang='lat' dir='ltr'>materia.</span> 
     </span>
     <span class='ocr_line' id='line_1_3' title="bbox 237 94 830 121; baseline 0 -8"><span class='ocrx_word' id='word_1_9' title='bbox 237 94 318 113; x_wconf 71' lang='lat' dir='ltr'>Frustra</span> <span class='ocrx_word' id='word_1_10' title='bbox 328 95 377 114; x_wconf 80' lang='lat' dir='ltr'>enim</span> <span class='ocrx_word' id='word_1_11' title='bbox 389 94 423 114; x_wconf 67' lang='lat' dir='ltr'>sibi</span> <span class='ocrx_word' id='word_1_12' title='bbox 427 94 489 120; x_wconf 86' lang='lat' dir='ltr'>fidem</span> <span class='ocrx_word' id='word_1_13' title='bbox 499 95 540 120; x_wconf 75' lang='lat' dir='ltr'>quis</span> <span class='ocrx_word' id='word_1_14' title='bbox 546 94 631 121; x_wconf 73' lang='lat' dir='ltr'>postulat</span> <span class='ocrx_word' id='word_1_15' title='bbox 641 94 665 114; x_wconf 80' lang='lat' dir='ltr'>ab</span> <span class='ocrx_word' id='word_1_16' title='bbox 674 101 696 114; x_wconf 79' lang='lat' dir='ltr'>eo</span> <span class='ocrx_word' id='word_1_17' title='bbox 705 94 786 118; x_wconf 78' lang='lat' dir='ltr'>seruari,</span> <span class='ocrx_word' id='word_1_18' title='bbox 800 94 830 113; x_wconf 79' lang='lat' dir='ltr'>cui</span> 
     </span>
     <span class='ocr_line' id='line_1_4' title="bbox 230 121 830 149; baseline -0.002 -8"><span class='ocrx_word' id='word_1_19' title='bbox 230 122 291 148; x_wconf 81' lang='lat' dir='ltr'>fidem</span> <span class='ocrx_word' id='word_1_20' title='bbox 296 123 308 141; x_wconf 79' lang='grc' dir='ltr'>(ῖ</span> <span class='ocrx_word' id='word_1_21' title='bbox 313 129 332 142; x_wconf 74' lang='lat' dir='ltr'>se</span> <span class='ocrx_word' id='word_1_22' title='bbox 335 122 441 148; x_wconf 72' lang='lat' dir='ltr'>praeslitam</span> <span class='ocrx_word' id='word_1_23' title='bbox 447 129 523 142; x_wconf 79' lang='lat' dir='ltr'>seruare</span> <span class='ocrx_word' id='word_1_24' title='bbox 528 125 607 142; x_wconf 76' lang='lat' dir='ltr'><em>recusat.</em></span> <span class='ocrx_word' id='word_1_25' title='bbox 612 121 752 149; x_wconf 78' lang='lat' dir='ltr'>Regula75.de</span> <span class='ocrx_word' id='word_1_26' title='bbox 756 121 830 148; x_wconf 77' lang='lat' dir='ltr'>regulis</span> 
     </span>
     <span class='ocr_line' id='line_1_5' title="bbox 236 149 829 177; baseline 0 -8"><span class='ocrx_word' id='word_1_27' title='bbox 236 150 284 169; x_wconf 83' lang='lat' dir='ltr'>iuris</span> <span class='ocrx_word' id='word_1_28' title='bbox 290 150 310 169; x_wconf 92' lang='lat' dir='ltr'>in</span> <span class='ocrx_word' id='word_1_29' title='bbox 317 151 336 170; x_wconf 83' lang='lat'>6.</span> <span class='ocrx_word' id='word_1_30' title='bbox 343 149 398 177; x_wconf 79' lang='lat' dir='ltr'>atqui</span> <span class='ocrx_word' id='word_1_31' title='bbox 406 149 473 177; x_wconf 86' lang='lat' dir='ltr'>Reges</span> <span class='ocrx_word' id='word_1_32' title='bbox 481 149 566 177; x_wconf 60' lang='lat' dir='ltr'>Angues,</span> <span class='ocrx_word' id='word_1_33' title='bbox 572 149 661 170; x_wconf 80' lang='lat' dir='ltr'>maxime</span> <span class='ocrx_word' id='word_1_34' title='bbox 668 150 757 177; x_wconf 89' lang='lat' dir='ltr'>quinque</span> <span class='ocrx_word' id='word_1_35' title='bbox 764 149 829 169; x_wconf 85' lang='lat' dir='ltr'>vltimi</span> 
     </span>
     <span class='ocr_line' id='line_1_6' title="bbox 236 177 828 209; baseline -0.002 -12"><span class='ocrx_word' id='word_1_36' title='bbox 236 177 333 202; x_wconf 82' lang='lat' dir='ltr'>haeretici,</span> <span class='ocrx_word' id='word_1_37' title='bbox 340 185 382 197; x_wconf 91' lang='lat' dir='ltr'>non</span> <span class='ocrx_word' id='word_1_38' title='bbox 391 177 529 209; x_wconf 82' lang='lat' dir='ltr'>impleuerunt</span> <span class='ocrx_word' id='word_1_39' title='bbox 536 177 664 198; x_wconf 80' lang='lat' dir='ltr'>conditiones</span> <span class='ocrx_word' id='word_1_40' title='bbox 672 177 747 205; x_wconf 70' lang='lat' dir='ltr'>positas</span> <span class='ocrx_word' id='word_1_41' title='bbox 755 177 776 197; x_wconf 86' lang='lat' dir='ltr'>in</span> <span class='ocrx_word' id='word_1_42' title='bbox 784 177 828 197; x_wconf 87' lang='lat' dir='ltr'>bul-</span> 
     </span>
     <span class='ocr_line' id='line_1_7' title="bbox 222 205 828 233; baseline -0.002 -8"><span class='ocrx_word' id='word_1_43' title='bbox 222 228 223 231; x_wconf 17' lang='lat'><em>*</em></span> <span class='ocrx_word' id='word_1_44' title='bbox 236 205 255 225; x_wconf 80' lang='lat' dir='ltr'>la</span> <span class='ocrx_word' id='word_1_45' title='bbox 266 205 357 230; x_wconf 78' lang='lat' dir='ltr'>Adriani,</span> <span class='ocrx_word' id='word_1_46' title='bbox 368 205 483 226; x_wconf 78' lang='lat' dir='ltr'>Pontificis:</span> <span class='ocrx_word' id='word_1_47' title='bbox 494 212 515 225; x_wconf 85' lang='lat' dir='ltr'>er</span> <span class='ocrx_word' id='word_1_48' title='bbox 530 212 542 225; x_wconf 92' lang='lat'><em>0</em></span> <span class='ocrx_word' id='word_1_49' title='bbox 550 205 636 233; x_wconf 76' lang='lat' dir='ltr'>quilibet</span> <span class='ocrx_word' id='word_1_50' title='bbox 646 205 740 225; x_wconf 80' lang='lat' dir='ltr'>Pontifex</span> <span class='ocrx_word' id='word_1_51' title='bbox 750 212 828 225; x_wconf 86' lang='lat' dir='ltr'>succes-</span> 
     </span>
     <span class='ocr_line' id='line_1_8' title="bbox 220 232 829 260; baseline -0.002 -7"><span class='ocrx_word' id='word_1_52' title='bbox 220 232 222 240; x_wconf 70' lang='lat'>³</span> <span class='ocrx_word' id='word_1_53' title='bbox 237 240 269 253; x_wconf 88' lang='lat' dir='ltr'>sor</span> <span class='ocrx_word' id='word_1_54' title='bbox 281 233 373 258; x_wconf 83' lang='lat' dir='ltr'>Adriani,</span> <span class='ocrx_word' id='word_1_55' title='bbox 383 237 404 253; x_wconf 76' lang='lat' dir='ltr'>et</span> <span class='ocrx_word' id='word_1_56' title='bbox 412 233 501 260; x_wconf 86' lang='lat' dir='ltr'>populus</span> <span class='ocrx_word' id='word_1_57' title='bbox 534 233 615 254; x_wconf 83' lang='lat' dir='ltr'>iberniae</span> <span class='ocrx_word' id='word_1_58' title='bbox 624 233 675 253; x_wconf 71' lang='lat' dir='ltr'>iuste</span> <span class='ocrx_word' id='word_1_59' title='bbox 683 237 780 260; x_wconf 79' lang='lat' dir='ltr'>poterunt</span> <span class='ocrx_word' id='word_1_60' title='bbox 789 232 829 260; x_wconf 85' lang='lat' dir='ltr'>pri-</span> 
     </span>
     <span class='ocr_line' id='line_1_9' title="bbox 236 260 828 288; baseline 0 -7"><span class='ocrx_word' id='word_1_61' title='bbox 236 268 284 281; x_wconf 86' lang='lat' dir='ltr'>uare</span> <span class='ocrx_word' id='word_1_62' title='bbox 288 261 345 284; x_wconf 79' lang='lat' dir='ltr'>omni</span> <span class='ocrx_word' id='word_1_63' title='bbox 350 261 448 286; x_wconf 84' lang='lat' dir='ltr'>dominio,</span> <span class='ocrx_word' id='word_1_64' title='bbox 453 261 521 281; x_wconf 86' lang='lat' dir='ltr'>etiure</span> <span class='ocrx_word' id='word_1_65' title='bbox 526 265 625 288; x_wconf 79' lang='lat' dir='ltr'>praetenso</span> <span class='ocrx_word' id='word_1_66' title='bbox 631 261 743 288; x_wconf 87' lang='lat' dir='ltr'>quemlibet</span> <span class='ocrx_word' id='word_1_67' title='bbox 748 260 828 288; x_wconf 81' lang='lat' dir='ltr'>Angliae</span> 
     </span>
     <span class='ocr_line' id='line_1_10' title="bbox 236 288 828 316; baseline -0.002 -7"><span class='ocrx_word' id='word_1_68' title='bbox 236 289 322 316; x_wconf 80' lang='lat' dir='ltr'>Regem,</span> <span class='ocrx_word' id='word_1_69' title='bbox 332 289 366 316; x_wconf 85' lang='lat' dir='ltr'>qui</span> <span class='ocrx_word' id='word_1_70' title='bbox 376 289 464 309; x_wconf 82' lang='lat' dir='ltr'>noluerit</span> <span class='ocrx_word' id='word_1_71' title='bbox 473 289 585 316; x_wconf 83' lang='lat' dir='ltr'>adimplere</span> <span class='ocrx_word' id='word_1_72' title='bbox 594 289 684 316; x_wconf 74' lang='lat' dir='ltr'>praefatas</span> <span class='ocrx_word' id='word_1_73' title='bbox 694 288 828 313; x_wconf 84' lang='lat' dir='ltr'>conditiones,</span> 
     </span>
     <span class='ocr_line' id='line_1_11' title="bbox 235 316 828 344; baseline -0.002 -7"><span class='ocrx_word' id='word_1_74' title='bbox 235 317 282 344; x_wconf 86' lang='lat' dir='ltr'>quia</span> <span class='ocrx_word' id='word_1_75' title='bbox 292 317 331 337; x_wconf 82' lang='lat' dir='ltr'>iam</span> <span class='ocrx_word' id='word_1_76' title='bbox 342 324 383 337; x_wconf 90' lang='lat' dir='ltr'>non</span> <span class='ocrx_word' id='word_1_77' title='bbox 394 324 452 337; x_wconf 83' lang='lat' dir='ltr'>verus</span> <span class='ocrx_word' id='word_1_78' title='bbox 463 317 516 342; x_wconf 87' lang='lat' dir='ltr'>Rex,</span> <span class='ocrx_word' id='word_1_79' title='bbox 530 321 551 337; x_wconf 90' lang='lat' dir='ltr'>et</span> <span class='ocrx_word' id='word_1_80' title='bbox 564 316 659 337; x_wconf 87' lang='lat' dir='ltr'>dominus</span> <span class='ocrx_word' id='word_1_81' title='bbox 669 320 705 341; x_wconf 84' lang='lat' dir='ltr'>est,</span> <span class='ocrx_word' id='word_1_82' title='bbox 715 316 751 337; x_wconf 87' lang='lat' dir='ltr'>sed</span> <span class='ocrx_word' id='word_1_83' title='bbox 760 316 828 344; x_wconf 78' lang='lat' dir='ltr'>potius</span> 
     </span>
     <span class='ocr_line' id='line_1_12' title="bbox 236 344 828 372; baseline -0.002 -8"><span class='ocrx_word' id='word_1_84' title='bbox 236 345 329 369; x_wconf 77' lang='lat' dir='ltr'>intrusus,</span> <span class='ocrx_word' id='word_1_85' title='bbox 343 348 363 365; x_wconf 80' lang='lat' dir='ltr'>et</span> <span class='ocrx_word' id='word_1_86' title='bbox 370 349 467 372; x_wconf 77' lang='lat' dir='ltr'>tyrannus</span> <span class='ocrx_word' id='word_1_87' title='bbox 476 344 498 365; x_wconf 88' lang='lat' dir='ltr'>in</span> <span class='ocrx_word' id='word_1_88' title='bbox 509 345 642 372; x_wconf 78' lang='lat' dir='ltr'>possessione,</span> <span class='ocrx_word' id='word_1_89' title='bbox 651 348 672 365; x_wconf 90' lang='lat' dir='ltr'>et</span> <span class='ocrx_word' id='word_1_90' title='bbox 681 344 828 372; x_wconf 76' lang='lat' dir='ltr'>gubernatione</span> 
     </span>
     <span class='ocr_line' id='line_1_13' title="bbox 236 372 827 400; baseline -0.002 -8"><span class='ocrx_word' id='word_1_91' title='bbox 236 372 309 399; x_wconf 82' lang='lat' dir='ltr'>Regni,</span> <span class='ocrx_word' id='word_1_92' title='bbox 317 380 339 392; x_wconf 81' lang='lat' dir='ltr'>ae</span> <span class='ocrx_word' id='word_1_93' title='bbox 347 379 383 400; x_wconf 84' lang='lat' dir='ltr'>per</span> <span class='ocrx_word' id='word_1_94' title='bbox 390 379 517 400; x_wconf 86' lang='lat' dir='ltr'>consequens</span> <span class='ocrx_word' id='word_1_95' title='bbox 525 373 570 400; x_wconf 87' lang='lat' dir='ltr'>ipso</span> <span class='ocrx_word' id='word_1_96' title='bbox 578 373 622 393; x_wconf 90' lang='lat' dir='ltr'>iure</span> <span class='ocrx_word' id='word_1_97' title='bbox 629 373 725 400; x_wconf 79' lang='lat' dir='ltr'>priuatus,</span> <span class='ocrx_word' id='word_1_98' title='bbox 732 372 764 392; x_wconf 91' lang='lat' dir='ltr'>vel</span> <span class='ocrx_word' id='word_1_99' title='bbox 773 372 827 392; x_wconf 61' lang='lat' dir='ltr'>certe</span> 
     </span>
     <span class='ocr_line' id='line_1_14' title="bbox 234 399 828 428; baseline -0.002 -8"><span class='ocrx_word' id='word_1_100' title='bbox 234 400 344 427; x_wconf 83' lang='lat' dir='ltr'>priuandus</span> <span class='ocrx_word' id='word_1_101' title='bbox 352 400 408 420; x_wconf 89' lang='lat' dir='ltr'>omni</span> <span class='ocrx_word' id='word_1_102' title='bbox 415 400 474 420; x_wconf 83' lang='lat' dir='ltr'>titulo</span> <span class='ocrx_word' id='word_1_103' title='bbox 482 400 551 428; x_wconf 85' lang='lat' dir='ltr'>Regis,</span> <span class='ocrx_word' id='word_1_104' title='bbox 558 404 580 421; x_wconf 82' lang='lat' dir='ltr'>et</span> <span class='ocrx_word' id='word_1_105' title='bbox 587 401 671 425; x_wconf 84' lang='lat' dir='ltr'>domini,</span> <span class='ocrx_word' id='word_1_106' title='bbox 679 404 702 420; x_wconf 84' lang='lat' dir='ltr'>vt</span> <span class='ocrx_word' id='word_1_107' title='bbox 709 404 758 428; x_wconf 80' lang='lat' dir='ltr'>pote</span> <span class='ocrx_word' id='word_1_108' title='bbox 766 399 828 420; x_wconf 81' lang='lat' dir='ltr'>inius-</span> 
     </span>
     <span class='ocr_line' id='line_1_15' title="bbox 234 428 828 455; baseline -0.002 -7"><span class='ocrx_word' id='word_1_109' title='bbox 234 433 273 453; x_wconf 81' lang='lat' dir='ltr'>tus,</span> <span class='ocrx_word' id='word_1_110' title='bbox 283 432 304 448; x_wconf 79' lang='lat' dir='ltr'>et</span> <span class='ocrx_word' id='word_1_111' title='bbox 313 428 370 448; x_wconf 79' lang='lat' dir='ltr'>malae</span> <span class='ocrx_word' id='word_1_112' title='bbox 380 428 429 448; x_wconf 79' lang='lat' dir='ltr'>fidei</span> <span class='ocrx_word' id='word_1_113' title='bbox 440 435 548 455; x_wconf 84' lang='lat' dir='ltr'>possessor.</span> <span class='ocrx_word' id='word_1_114' title='bbox 562 428 613 449; x_wconf 79' lang='lat' dir='ltr'>Haec</span> <span class='ocrx_word' id='word_1_115' title='bbox 620 428 671 448; x_wconf 70' lang='lat' dir='ltr'>adeo</span> <span class='ocrx_word' id='word_1_116' title='bbox 681 428 733 448; x_wconf 76' lang='lat' dir='ltr'>clara</span> <span class='ocrx_word' id='word_1_117' title='bbox 743 431 796 452; x_wconf 85' lang='lat' dir='ltr'>sunt,</span> <span class='ocrx_word' id='word_1_118' title='bbox 805 431 828 447; x_wconf 88' lang='lat' dir='ltr'>vt</span> 
     </span>
     <span class='ocr_line' id='line_1_16' title="bbox 235 455 829 484; baseline 0 -9"><span class='ocrx_word' id='word_1_119' title='bbox 235 455 354 478; x_wconf 75' lang='lat' dir='ltr'>Doctorum,</span> <span class='ocrx_word' id='word_1_120' title='bbox 364 456 395 476; x_wconf 88' lang='lat' dir='ltr'>vel</span> <span class='ocrx_word' id='word_1_121' title='bbox 403 460 489 476; x_wconf 82' lang='lat' dir='ltr'>textuun</span> <span class='ocrx_word' id='word_1_122' title='bbox 496 456 618 484; x_wconf 76' lang='lat' dir='ltr'>allegatione</span> <span class='ocrx_word' id='word_1_123' title='bbox 625 456 710 476; x_wconf 92' lang='lat' dir='ltr'>minime</span> <span class='ocrx_word' id='word_1_124' title='bbox 717 455 829 483; x_wconf 80' lang='lat' dir='ltr'>indigeant,</span> 
     </span>
     <span class='ocr_line' id='line_1_17' title="bbox 235 482 828 511; baseline 0 -8"><span class='ocrx_word' id='word_1_125' title='bbox 235 490 281 503; x_wconf 90' lang='lat' dir='ltr'>cum</span> <span class='ocrx_word' id='word_1_126' title='bbox 288 484 361 509; x_wconf 88' lang='lat' dir='ltr'>nullus,</span> <span class='ocrx_word' id='word_1_127' title='bbox 368 484 405 504; x_wconf 88' lang='lat' dir='ltr'>nisi</span> <span class='ocrx_word' id='word_1_128' title='bbox 413 484 505 511; x_wconf 78' lang='lat' dir='ltr'>pertinax</span> <span class='ocrx_word' id='word_1_129' title='bbox 510 484 622 509; x_wconf 79' lang='lat' dir='ltr'>haereticus,</span> <span class='ocrx_word' id='word_1_130' title='bbox 626 484 658 504; x_wconf 89' lang='lat' dir='ltr'>vel</span> <span class='ocrx_word' id='word_1_131' title='bbox 665 484 749 504; x_wconf 85' lang='lat' dir='ltr'>omnino</span> <span class='ocrx_word' id='word_1_132' title='bbox 756 482 828 503; x_wconf 83' lang='lat' dir='ltr'>stultus</span> 
     </span>
     <span class='ocr_line' id='line_1_18' title="bbox 235 511 826 539; baseline -0.002 -7"><span class='ocrx_word' id='word_1_133' title='bbox 235 512 298 532; x_wconf 88' lang='lat' dir='ltr'>homo</span> <span class='ocrx_word' id='word_1_134' title='bbox 308 519 332 532; x_wconf 83' lang='lat' dir='ltr'>ea</span> <span class='ocrx_word' id='word_1_135' title='bbox 342 519 422 539; x_wconf 82' lang='lat' dir='ltr'>negare,</span> <span class='ocrx_word' id='word_1_136' title='bbox 430 512 462 532; x_wconf 84' lang='lat' dir='ltr'>vel</span> <span class='ocrx_word' id='word_1_137' title='bbox 469 512 495 532; x_wconf 80' lang='lat' dir='ltr'>ali</span> <span class='ocrx_word' id='word_1_138' title='bbox 510 519 537 532; x_wconf 91' lang='lat' dir='ltr'>uo</span> <span class='ocrx_word' id='word_1_139' title='bbox 547 512 610 532; x_wconf 89' lang='lat' dir='ltr'>modo</span> <span class='ocrx_word' id='word_1_140' title='bbox 619 512 745 539; x_wconf 79' lang='lat' dir='ltr'>tergiuersari</span> <span class='ocrx_word' id='word_1_141' title='bbox 755 511 826 531; x_wconf 79' lang='lat' dir='ltr'>valeat.</span> 
     </span>
     <span class='ocr_line' id='line_1_19' title="bbox 262 519 827 567; baseline -0.002 -7"><span class='ocrx_word' id='word_1_142' title='bbox 262 541 288 560; x_wconf 80' lang='lat'>33</span> <span class='ocrx_word' id='word_1_143' title='bbox 306 539 370 560; x_wconf 88' lang='lat' dir='ltr'>Venio</span> <span class='ocrx_word' id='word_1_144' title='bbox 387 539 412 559; x_wconf 75' lang='lat' dir='ltr'>ad</span> <span class='ocrx_word' id='word_1_145' title='bbox 431 519 551 565; x_wconf 57' lang='lat' dir='ltr'>secunlium,</span> <span class='ocrx_word' id='word_1_146' title='bbox 567 539 587 560; x_wconf 89' lang='lat' dir='ltr'>in</span> <span class='ocrx_word' id='word_1_147' title='bbox 608 547 649 567; x_wconf 84' lang='lat' dir='ltr'>quo</span> <span class='ocrx_word' id='word_1_148' title='bbox 664 547 724 567; x_wconf 78' lang='lat' dir='ltr'>supra</span> <span class='ocrx_word' id='word_1_149' title='bbox 742 546 827 559; x_wconf 84' lang='lat' dir='ltr'>numero</span> 
     </span>
     <span class='ocr_line' id='line_1_20' title="bbox 235 567 827 595; baseline 0 -8"><span class='ocrx_word' id='word_1_150' title='bbox 235 568 267 587; x_wconf 75' lang='lat'>29.</span> <span class='ocrx_word' id='word_1_151' title='bbox 278 567 320 587; x_wconf 84' lang='lat' dir='ltr'>dixi</span> <span class='ocrx_word' id='word_1_152' title='bbox 331 568 399 588; x_wconf 56' lang='lat' dir='ltr'>extare</span> <span class='ocrx_word' id='word_1_153' title='bbox 409 567 447 588; x_wconf 83' lang='lat' dir='ltr'>alia</span> <span class='ocrx_word' id='word_1_154' title='bbox 457 567 541 592; x_wconf 78' lang='lat' dir='ltr'>indulta,</span> <span class='ocrx_word' id='word_1_155' title='bbox 551 567 669 595; x_wconf 77' lang='lat' dir='ltr'>diplomata,</span> <span class='ocrx_word' id='word_1_156' title='bbox 678 567 780 594; x_wconf 77' lang='lat' dir='ltr'>rescripta,</span> <span class='ocrx_word' id='word_1_157' title='bbox 792 574 827 587; x_wconf 87' lang='lat' dir='ltr'>seu</span> 
     </span>
     <span class='ocr_line' id='line_1_21' title="bbox 233 595 827 619; baseline -0.002 -4"><span class='ocrx_word' id='word_1_158' title='bbox 233 595 296 615; x_wconf 85' lang='lat' dir='ltr'>bullas</span> <span class='ocrx_word' id='word_1_159' title='bbox 307 595 391 616; x_wconf 84' lang='lat' dir='ltr'>alim-nm</span> <span class='ocrx_word' id='word_1_160' title='bbox 407 595 538 616; x_wconf 89' lang='lat' dir='ltr'>Summorum</span> <span class='ocrx_word' id='word_1_161' title='bbox 552 595 674 616; x_wconf 81' lang='lat' dir='ltr'>Pontificum</span> <span class='ocrx_word' id='word_1_162' title='bbox 684 595 827 619; x_wconf 76' lang='lat' dir='ltr'>Posteriomm,</span> 
     </span>
     <span class='ocr_line' id='line_1_22' title="bbox 234 622 827 651; baseline 0 -7"><span class='ocrx_word' id='word_1_163' title='bbox 234 631 279 650; x_wconf 85' lang='lat' dir='ltr'>quae</span> <span class='ocrx_word' id='word_1_164' title='bbox 288 623 415 648; x_wconf 82' lang='lat' dir='ltr'>Hiberniam,</span> <span class='ocrx_word' id='word_1_165' title='bbox 422 627 443 644; x_wconf 75' lang='lat' dir='ltr'>et</span> <span class='ocrx_word' id='word_1_166' title='bbox 451 623 554 644; x_wconf 79' lang='lat' dir='ltr'>Hibernos</span> <span class='ocrx_word' id='word_1_167' title='bbox 564 624 589 644; x_wconf 81' lang='lat' dir='ltr'>ab</span> <span class='ocrx_word' id='word_1_168' title='bbox 599 624 656 644; x_wconf 89' lang='lat' dir='ltr'>omni</span> <span class='ocrx_word' id='word_1_169' title='bbox 665 623 779 651; x_wconf 79' lang='lat' dir='ltr'>Anglorum</span> <span class='ocrx_word' id='word_1_170' title='bbox 790 622 827 643; x_wconf 82' lang='lat' dir='ltr'>do-</span> 
     </span>
     <span class='ocr_line' id='line_1_23' title="bbox 234 650 827 679; baseline -0.002 -8"><span class='ocrx_word' id='word_1_171' title='bbox 234 652 297 672; x_wconf 86' lang='lat' dir='ltr'>minio</span> <span class='ocrx_word' id='word_1_172' title='bbox 306 652 411 676; x_wconf 78' lang='lat' dir='ltr'>eximunt3</span> <span class='ocrx_word' id='word_1_173' title='bbox 422 652 569 679; x_wconf 79' lang='lat' dir='ltr'>hortanturque</span> <span class='ocrx_word' id='word_1_174' title='bbox 577 652 631 679; x_wconf 89' lang='lat' dir='ltr'>ipsos</span> <span class='ocrx_word' id='word_1_175' title='bbox 641 651 745 672; x_wconf 87' lang='lat' dir='ltr'>Hibernos</span> <span class='ocrx_word' id='word_1_176' title='bbox 755 651 780 671; x_wconf 79' lang='lat' dir='ltr'>ad</span> <span class='ocrx_word' id='word_1_177' title='bbox 787 650 827 671; x_wconf 83' lang='lat' dir='ltr'>ius-</span> 
     </span>
     <span class='ocr_line' id='line_1_24' title="bbox 234 679 827 707; baseline -0.003 -7"><span class='ocrx_word' id='word_1_178' title='bbox 234 685 276 700; x_wconf 91' lang='lat' dir='ltr'>tum</span> <span class='ocrx_word' id='word_1_179' title='bbox 288 680 363 700; x_wconf 83' lang='lat' dir='ltr'>bellum</span> <span class='ocrx_word' id='word_1_180' title='bbox 374 683 445 700; x_wconf 77' lang='lat' dir='ltr'>contra</span> <span class='ocrx_word' id='word_1_181' title='bbox 455 679 534 707; x_wconf 81' lang='lat' dir='ltr'>Anglos</span> <span class='ocrx_word' id='word_1_182' title='bbox 549 680 682 704; x_wconf 82' lang='lat' dir='ltr'>mouendum,</span> <span class='ocrx_word' id='word_1_183' title='bbox 696 683 718 700; x_wconf 82' lang='lat' dir='ltr'>et</span> <span class='ocrx_word' id='word_1_184' title='bbox 727 679 827 699; x_wconf 83' lang='lat' dir='ltr'>sustinen-</span> 
     </span>
     <span class='ocr_line' id='line_1_25' title="bbox 235 706 827 735; baseline -0.003 -7"><span class='ocrx_word' id='word_1_185' title='bbox 235 708 290 728; x_wconf 88' lang='lat' dir='ltr'>dum.</span> <span class='ocrx_word' id='word_1_186' title='bbox 306 708 333 728; x_wconf 87' lang='lat' dir='ltr'>Et</span> <span class='ocrx_word' id='word_1_187' title='bbox 343 708 363 727; x_wconf 95' lang='lat' dir='ltr'>in</span> <span class='ocrx_word' id='word_1_188' title='bbox 373 707 444 735; x_wconf 89' lang='lat' dir='ltr'>primis</span> <span class='ocrx_word' id='word_1_189' title='bbox 451 707 549 727; x_wconf 79' lang='lat' dir='ltr'>omittens</span> <span class='ocrx_word' id='word_1_190' title='bbox 556 707 610 735; x_wconf 90' lang='lat' dir='ltr'>quod</span> <span class='ocrx_word' id='word_1_191' title='bbox 620 707 646 728; x_wconf 85' lang='lat' dir='ltr'>de</span> <span class='ocrx_word' id='word_1_192' title='bbox 657 707 730 728; x_wconf 75' lang='lat' dir='ltr'>Sancto</span> <span class='ocrx_word' id='word_1_193' title='bbox 737 706 827 727; x_wconf 80' lang='lat' dir='ltr'>Lauren-</span> 
     </span>
     <span class='ocr_line' id='line_1_26' title="bbox 233 734 827 763; baseline -0.002 -8"><span class='ocrx_word' id='word_1_194' title='bbox 233 736 262 756; x_wconf 86' lang='lat' dir='ltr'>tio</span> <span class='ocrx_word' id='word_1_195' title='bbox 274 736 435 763; x_wconf 82' lang='lat' dir='ltr'>Archiepiscopo</span> <span class='ocrx_word' id='word_1_196' title='bbox 446 735 567 756; x_wconf 87' lang='lat' dir='ltr'>Dublinensi</span> <span class='ocrx_word' id='word_1_197' title='bbox 577 739 658 756; x_wconf 75' lang='lat' dir='ltr'>narrant</span> <span class='ocrx_word' id='word_1_198' title='bbox 667 735 733 759; x_wconf 81' lang='lat' dir='ltr'>multi,</span> <span class='ocrx_word' id='word_1_199' title='bbox 748 739 769 755; x_wconf 88' lang='lat' dir='ltr'>et</span> <span class='ocrx_word' id='word_1_200' title='bbox 779 734 827 754; x_wconf 68' lang='lat' dir='ltr'>scri&gt;</span> 
     </span>
     <span class='ocr_line' id='line_1_27' title="bbox 234 762 826 791; baseline -0.003 -8"><span class='ocrx_word' id='word_1_201' title='bbox 234 764 285 784; x_wconf 72' lang='lat' dir='ltr'>bunt</span> <span class='ocrx_word' id='word_1_202' title='bbox 295 763 360 791; x_wconf 80' lang='lat' dir='ltr'>pauci,</span> <span class='ocrx_word' id='word_1_203' title='bbox 370 770 395 783; x_wconf 81' lang='lat' dir='ltr'>ex</span> <span class='ocrx_word' id='word_1_204' title='bbox 406 763 479 790; x_wconf 85' lang='lat' dir='ltr'>quibus</span> <span class='ocrx_word' id='word_1_205' title='bbox 493 770 544 783; x_wconf 90' lang='lat' dir='ltr'>vnus</span> <span class='ocrx_word' id='word_1_206' title='bbox 559 767 590 784; x_wconf 85' lang='lat' dir='ltr'>est</span> <span class='ocrx_word' id='word_1_207' title='bbox 604 763 706 783; x_wconf 84' lang='lat' dir='ltr'>Dominus</span> <span class='ocrx_word' id='word_1_208' title='bbox 721 762 826 789; x_wconf 86' lang='lat' dir='ltr'>Philippus</span> 
     </span>
     <span class='ocr_line' id='line_1_28' title="bbox 235 789 826 812; baseline -0.002 -1"><span class='ocrx_word' id='word_1_209' title='bbox 235 791 369 812; x_wconf 82' lang='lat' dir='ltr'>Osulleuanus</span> <span class='ocrx_word' id='word_1_210' title='bbox 384 794 441 811; x_wconf 86' lang='lat' dir='ltr'>tomo</span> <span class='ocrx_word' id='word_1_211' title='bbox 455 792 473 811; x_wconf 79' lang='lat'>2.</span> <span class='ocrx_word' id='word_1_212' title='bbox 494 791 582 811; x_wconf 65' lang='lat' dir='ltr'>historiae</span> <span class='ocrx_word' id='word_1_213' title='bbox 597 791 706 811; x_wconf 79' lang='lat' dir='ltr'>Catholieae</span> <span class='ocrx_word' id='word_1_214' title='bbox 720 789 826 810; x_wconf 71' lang='lat' dir='ltr'>Hiberniae</span> 
     </span>
     <span class='ocr_line' id='line_1_29' title="bbox 233 817 826 847; baseline -0.003 -8"><span class='ocrx_word' id='word_1_215' title='bbox 233 819 266 839; x_wconf 86' lang='lat' dir='ltr'>lib.</span> <span class='ocrx_word' id='word_1_216' title='bbox 277 821 293 839; x_wconf 86' lang='lat'>1.</span> <span class='ocrx_word' id='word_1_217' title='bbox 302 827 345 847; x_wconf 83' lang='lat' dir='ltr'>cap.</span> <span class='ocrx_word' id='word_1_218' title='bbox 352 820 370 839; x_wconf 90' lang='lat'>7.</span> <span class='ocrx_word' id='word_1_219' title='bbox 377 818 426 839; x_wconf 77' lang='lat' dir='ltr'>folio</span> <span class='ocrx_word' id='word_1_220' title='bbox 433 820 465 839; x_wconf 76' lang='lat'>62.</span> <span class='ocrx_word' id='word_1_221' title='bbox 474 826 550 846; x_wconf 83' lang='lat' dir='ltr'>nempe</span> <span class='ocrx_word' id='word_1_222' title='bbox 557 818 613 846; x_wconf 89' lang='lat' dir='ltr'>quod</span> <span class='ocrx_word' id='word_1_223' title='bbox 621 819 704 839; x_wconf 79' lang='lat' dir='ltr'>Sanctus</span> <span class='ocrx_word' id='word_1_224' title='bbox 711 818 746 838; x_wconf 84' lang='lat' dir='ltr'>ille</span> <span class='ocrx_word' id='word_1_225' title='bbox 753 817 826 837; x_wconf 76' lang='lat' dir='ltr'>Praesul</span> 
     </span>
     <span class='ocr_line' id='line_1_30' title="bbox 234 845 826 871; baseline -0.002 -4"><span class='ocrx_word' id='word_1_226' title='bbox 234 847 305 867; x_wconf 86' lang='lat' dir='ltr'>dolens</span> <span class='ocrx_word' id='word_1_227' title='bbox 315 847 341 867; x_wconf 86' lang='lat' dir='ltr'>de</span> <span class='ocrx_word' id='word_1_228' title='bbox 351 846 424 866; x_wconf 78' lang='lat' dir='ltr'>iniusta</span> <span class='ocrx_word' id='word_1_229' title='bbox 437 846 612 867; x_wconf 79' lang='lat' dir='ltr'>administratione</span> <span class='ocrx_word' id='word_1_230' title='bbox 622 847 656 867; x_wconf 92' lang='lat' dir='ltr'>An</span> <span class='ocrx_word' id='word_1_231' title='bbox 672 846 745 871; x_wconf 82' lang='lat' dir='ltr'>lorum,</span> <span class='ocrx_word' id='word_1_232' title='bbox 754 850 775 866; x_wconf 88' lang='lat' dir='ltr'>et</span> <span class='ocrx_word' id='word_1_233' title='bbox 785 845 826 866; x_wconf 77' lang='lat' dir='ltr'>Re-</span> 
     </span>
     <span class='ocr_line' id='line_1_31' title="bbox 248 874 826 899; baseline -0.002 -5"><span class='ocrx_word' id='word_1_234' title='bbox 248 875 263 894; x_wconf 85' lang='lat' dir='ltr'>is</span> <span class='ocrx_word' id='word_1_235' title='bbox 280 875 365 895; x_wconf 85' lang='lat' dir='ltr'>Henrici</span> <span class='ocrx_word' id='word_1_236' title='bbox 380 874 466 894; x_wconf 81' lang='lat' dir='ltr'>Secundi</span> <span class='ocrx_word' id='word_1_237' title='bbox 482 875 504 895; x_wconf 87' lang='lat' dir='ltr'>in</span> <span class='ocrx_word' id='word_1_238' title='bbox 519 874 625 899; x_wconf 80' lang='lat' dir='ltr'>Hibernia,</span> <span class='ocrx_word' id='word_1_239' title='bbox 665 874 703 894; x_wconf 78' lang='lat' dir='ltr'>init</span> <span class='ocrx_word' id='word_1_240' title='bbox 719 874 826 894; x_wconf 87' lang='lat' dir='ltr'>Summum</span> 
     </span>
     <span class='ocr_line' id='line_1_32' title="bbox 233 882 826 933; baseline -0.002 -11"><span class='ocrx_word' id='word_1_241' title='bbox 233 882 362 928; x_wconf 51' lang='lat' dir='ltr'>{ontificem</span> <span class='ocrx_word' id='word_1_242' title='bbox 377 903 411 929; x_wconf 91' lang='lat' dir='ltr'>qui</span> <span class='ocrx_word' id='word_1_243' title='bbox 430 906 479 923; x_wconf 79' lang='lat' dir='ltr'>tunc</span> <span class='ocrx_word' id='word_1_244' title='bbox 496 903 594 930; x_wconf 82' lang='lat' dir='ltr'>temporis</span> <span class='ocrx_word' id='word_1_245' title='bbox 612 902 738 923; x_wconf 83' lang='lat' dir='ltr'>Catholicam</span> <span class='ocrx_word' id='word_1_246' title='bbox 753 901 826 933; x_wconf 72' lang='lat' dir='ltr'>guber-</span> 
     </span>
     <span class='ocr_line' id='line_1_33' title="bbox 234 929 827 957; baseline -0.003 -7"><span class='ocrx_word' id='word_1_247' title='bbox 234 931 295 951; x_wconf 80' lang='lat' dir='ltr'>nabat</span> <span class='ocrx_word' id='word_1_248' title='bbox 302 930 413 951; x_wconf 81' lang='lat' dir='ltr'>Ecclesiam</span> <span class='ocrx_word' id='word_1_249' title='bbox 422 930 457 957; x_wconf 82' lang='lat' dir='ltr'>(ex</span> <span class='ocrx_word' id='word_1_250' title='bbox 463 930 616 957; x_wconf 75' lang='lat' dir='ltr'>computatione</span> <span class='ocrx_word' id='word_1_251' title='bbox 624 934 740 957; x_wconf 85' lang='lat' dir='ltr'>temporum</span> <span class='ocrx_word' id='word_1_252' title='bbox 747 929 827 949; x_wconf 79' lang='lat' dir='ltr'>Videtur</span> 
     </span>
     <span class='ocr_line' id='line_1_34' title="bbox 235 957 827 988; baseline -0.003 -9"><span class='ocrx_word' id='word_1_253' title='bbox 235 965 294 985; x_wconf 83' lang='lat' dir='ltr'>posse</span> <span class='ocrx_word' id='word_1_254' title='bbox 302 958 369 986; x_wconf 82' lang='lat' dir='ltr'>colligi</span> <span class='ocrx_word' id='word_1_255' title='bbox 378 957 438 979; x_wconf 86' lang='lat' dir='ltr'>fuisse</span> <span class='ocrx_word' id='word_1_256' title='bbox 446 958 535 979; x_wconf 91' lang='lat' dir='ltr'>Lucium</span> <span class='ocrx_word' id='word_1_257' title='bbox 544 958 645 985; x_wconf 79' lang='lat' dir='ltr'>Tertium)</span> <span class='ocrx_word' id='word_1_258' title='bbox 656 962 677 979; x_wconf 86' lang='lat' dir='ltr'>et</span> <span class='ocrx_word' id='word_1_259' title='bbox 686 958 711 978; x_wconf 81' lang='lat' dir='ltr'>ab</span> <span class='ocrx_word' id='word_1_260' title='bbox 719 957 754 978; x_wconf 87' lang='lat' dir='ltr'>illo</span> <span class='ocrx_word' id='word_1_261' title='bbox 761 957 827 988; x_wconf 73' lang='lat' dir='ltr'>impe-</span> 
     </span>
     <span class='ocr_line' id='line_1_35' title="bbox 766 987 827 1005; baseline -0.016 0"><span class='ocrx_word' id='word_1_262' title='bbox 766 987 827 1005; x_wconf 73' lang='lat' dir='ltr'>trauit</span> 
     </span>
    </p>
   </div>
   <div class='ocr_carea' id='block_1_3' title="bbox 849 36 856 609">
    <p class='ocr_par' dir='ltr' id='par_1_3' title="bbox 849 36 856 609">
     <span class='ocr_line' id='line_1_36' title="bbox 849 36 856 609; baseline 0 0"><span class='ocrx_word' id='word_1_263' title='bbox 849 36 856 609; x_wconf 95' lang='lat' dir='ltr'> </span> 
     </span>
    </p>
   </div>
  </div>
 </body>
</html>
