1054 1258
759 36 798 50 113

232 71 342 91 Peccarunt
359 68 481 101 postulando
498 68 578 96 Regem
602 72 716 94 externum,
734 72 755 89 et
778 70 825 90 reii-

232 98 304 118 ciendo
315 97 430 125 proprium:
440 96 515 117 idcirco
526 95 653 124 vapularunt‚
662 96 711 117 dum
721 97 824 118 traderen-

232 130 264 146 tur
277 126 298 147 in
313 129 443 146 externorum
457 124 538 152 Regum
552 124 687 151 tyrannidem,
698 124 825 150 Graecorum,

232 154 379 178 Romanorum,
393 153 430 173 διε.
447 153 487 173 Sub
502 159 588 180 quorum
601 152 674 173 misera
683 152 780 173 seruitute
791 160 825 173 va-

232 182 308 209 pulant,
318 181 438 206 cruciantur,
450 184 581 208 torquentur·
597 180 639 200 imo
653 187 691 200 nec
701 180 775 208 legem,
785 188 823 201 nec

233 210 312 237 Regem
323 216 377 229 nunc
386 209 467 229 habent.

261 239 286 257 14
314 237 370 257 Hinc
383 237 482 257 suboritur
497 236 588 263 quaestiO,
603 243 664 268 quare
676 235 787 269 Principes
792 237 825 257 Iu-

232 265 329 290 daeorurn,
344 272 407 292 penes
435 272 470 285 uos
485 268 528 285 erat
542 264 603 284 etiam
616 264 647 284 ius
661 264 740 291 gladij'
735 272 755 285 111
770 265 825 285 ciues

233 301 285 318 suos,
295 292 421 313 maluerintl
442 292 475 312 SV
490 292 563 312 Christi
577 299 657 312 causam
670 300 682 312 a
695 299 717 312 se
726 292 825 320 ablegare,

232 321 328 348 illamque
335 321 396 341 iudici
406 324 502 341 extraneo
513 319 576 340 Pilato
587 320 665 340 Gentili
672 320 757 345 tradere,
764 328 825 348 quarn

233 349 270 369 sibi
280 350 395 370 reserunre?
410 348 516 369 Resolutio
530 348 641 368 multorum
651 348 784 375 interpretum
795 353 826 369 est

233 377 287 404 quod
302 377 334 397 isti
349 376 480 397 crudelissimi
494 376 588 397 homines
601 376 737 396 metuebant¹
733 384 753 396 m
764 384 786 397 se
796 377 825 404 ip-

233 412 259 425 s1s
267 409 343 425 naturae
350 405 397 429 vim,
404 411 429 424 ne
437 404 457 424 in
465 404 538 428 ciuem,
544 411 567 424 ac
573 404 655 424 fratrem
663 411 722 424 suum
729 411 825 432 cogeren-

233 437 265 453 tur
275 440 319 453 esse
328 432 426 453 leniores:
441 436 462 452 et
471 432 518 452 ideo
527 432 585 452 illum
595 431 657 452 iudici
666 422 766 457 Gentili‚‘²
760 436 780 453 et
790 440 825 453 ex-

234 465 303 481 traneo
310 460 446 481 tradiderunt:
461 460 551 480 extranei
567 460 622 480 enim
632 459 709 480 iudices
719 460 785 481 solent
795 468 825 480 es-

234 496 255 509 se
265 488 402 509 crudeliores*
396 495 417 508 111
428 488 465 508 sibi
475 488 571 508 subditos.
587 487 707 513 Audiamus,
714 492 735 508 et
742 495 826 509 venere-

234 523 279 536 mur
290 516 357 537 Sancti
368 516 443 536 Leonis
453 515 513 543 Papae
521 516 581 536 verba
589 523 683 536 sermone
690 518 708 536 3.
717 516 743 537 de
750 517 826 544 passio-

234 552 265 565 ne.
290 545 395 571 Tamquam
405 545 523 564 extenuanda
532 547 577 564 cese!
586 544 662 570 fitroris
673 545 729 564 vestri
740 545 826 564 immani-

233 575 268 597 tas,
274 573 289 592 si
295 573 334 592 eius
339 573 436 597 sententia,
442 573 474 599 qui
477 572 583 599 prouinciae
588 575 655 592 vestrae
659 573 782 599 praesidebat,
787 576 826 592 vte-

233 601 305 624 remini,
312 601 393 620 m'nctum
401 600 449 620 [Es
453 600 492 620 VM
498 600 525 620 ad
532 600 593 620 Pilati
600 600 689 620 iudicium
695 600 802 624 deduxistis,
806 604 826 620 vt

233 629 344 649 clamoribus
350 628 444 655 improbis,
453 628 527 655 trepido
534 628 631 655 cog-nitore
637 632 733 655 superato,
738 629 826 655 interfic-

232 660 291 677 torem
296 657 388 676 hominem
394 657 493 683 eligeretis,
497 659 514 676 et
519 657 633 676 saluatorem
637 657 702 677 mundi
706 657 794 683 peteretis
800 657 827 676 nd

232 692 314 711 paenam
336 684 437 712 Supponit
448 684 531 705 Sanctus
542 683 635 704 Pontifex
644 684 690 705 Leo
700 684 780 704 Iudaeos
791 684 826 704 ha-

235 713 301 732 buisse
310 712 336 732 de
345 716 407 740 gente
417 719 452 732 sua
461 712 544 737 iudices,
557 712 591 739 qui
603 712 667 732 causis
676 712 747 732 mortis
756 712 825 740 praesi-

235 740 316 764 debant,
328 745 349 760 vt
363 740 464 760 habebant
478 740 514 760 sub
529 740 635 760 Babilonio
646 739 737 761 Danielis
749 742 780 760 13.
791 748 826 761 ve-

235 775 278 788 rum
289 768 309 787 in
320 775 379 788 causa
389 768 462 788 Christi
474 767 584 788 noluerunt
594 771 701 795 expectare
725 768 784 800 roprij
795 768 825 788 iu-

234 796 284 816 dicis
297 796 425 820 sententiam,
439 795 475 816 sed
490 795 515 816 ad
529 799 649 827 extraneum
662 803 700 816 con
710 796 781 823 ugiunt
795 796 825 820 iu-

234 824 307 847 dicem,
319 823 458 844 existimantes
473 823 528 851 quod
541 823 602 844 etiam
617 823 638 843 in
653 823 782 844 rabidis-rimis
793 824 825 844 Iu-

234 852 325 872 daeorum
333 851 426 872 cordibus
433 855 502 878 posset
509 855 580 872 natura
587 851 698 876 lenitatem,
708 855 729 872 et
736 851 825 872 clemen-

234 881 282 900 tiam
298 879 385 907 aliquam
401 879 498 906 inspirare
514 886 561 906 erga
578 879 684 900 conciuem
700 887 764 900 suum.
790 879 825 900 Ti-

235 911 329 929 muerunt
342 914 390 934 ergo
405 907 430 927 ab
441 907 532 927 eiusdem
544 907 610 934 gentis
622 907 689 928 iudice
700 914 760 935 posse
772 907 825 928 fran-

233 936 260 963 gi,
270 935 414 963 extenuarique
424 939 546 963 conceptum
561 935 657 960 furorem,
671 938 692 956 et
701 935 754 960 ideo,
766 940 824 956 natu-

235 963 276 988 rali,
285 967 306 984 et
315 963 397 991 proprio
407 963 477 984 relicto
484 963 558 1014 igine,
567 963 592 984 ad
602 966 721 984 extraneum
730 968 824 991 pergunt,

762 999 774 1011 a
783 999 823 1019 qUO
