3456 4734
357 291 412 375 76

298 479 437 561 pressa
454 448 634 534 breuiter
653 463 788 560 tango
824 448 914 533 Ioas
935 449 1042 553 Rex,
1060 453 1131 564 qui
1141 453 1215 565 per
1230 445 1502 564 tyrannidem,

300 561 556 677 sacrilegium
594 575 637 646 et
677 560 1023 674 ingratitudinem,
1040 564 1245 649 interfecit
1273 566 1509 654 Zachariam

302 675 566 760 Sacerdotem
584 673 713 756 filium
735 672 886 780 loiadae
903 672 1166 777 Pontificis,a
1180 678 1306 761 seruis
1321 680 1416 782 suis,
1435 684 1508 765 ob·

300 815 391 869 eam
412 813 587 888 causam,
615 786 792 888 occissus
811 802 886 887 est,
912 787 1108 898 regioque
1133 818 1176 872 se
1207 789 1349 874 ulchro
1376 793 1511 904 priua-

300 917 380 999 tus,
407 902 560 1012 quippe
579 897 649 1012 qui
668 927 753 980 non
773 911 817 981 'vt
834 901 967 981 bonus
986 898 1091 1000 Rex,
1115 929 1159 984 se
1201 915 1410 1014 tamquam
1424 933 1510 986 ma·
1549 980 1551 984 .
1615 941 1617 944 ’

299 1008 362 1092 lus
382 1029 576 1121 tyrannus
595 1027 784 1123 operatus
803 1024 876 1093 est.
888 1015 928 1093 3.
949 1009 1289 1123 Paralipomenon
1302 1020 1366 1096 24.
1386 1018 1510 1098 Ama-

299 1123 371 1206 fias
386 1123 487 1206 Rex
510 1124 634 1207 etiam
655 1122 783 1223 Iudae,
801 1150 895 1205 cum
916 1122 1049 1232 primo
1069 1140 1177 1206 esset
1194 1123 1341 1226 fidelis,
1357 1128 1510 1210 bonus·

300 1265 381 1348 que
422 1234 628 1349 Princeps,
671 1250 815 1348 postea
852 1236 981 1318 factus
1010 1233 1234 1336 idololatra,
1271 1235 1509 1322 interfectus

301 1364 364 1430 est
382 1350 513 1431 asnis.
534 1354 572 1431 3.
593 1347 933 1458 Paralipomenon
954 1375 1039 1458 cap.
1061 1352 1130 1464 25.
1149 1348 1292 1430 Amon
1313 1346 1420 1450 Rex,
1439 1352 1510 1461 qui
1585 1379 1589 1391 ⁴

271 1459 453 1542 ‘malum
493 1489 630 1543 coram
669 1459 762 1542 Deo
792 1457 903 1559 fecit,
945 1473 988 1540 et
1025 1457 1256 1541 immolauit
1288 1462 1509 1574 seruiitque
1577 1565 1580 1571 Ι
1700 1462 1702 1465 ’

299 1573 432 1676 idolis,
456 1573 575 1655 asnis
604 1587 666 1656 est
694 1572 862 1654 occisus.
882 1577 921 1651 3.
943 1567 1282 1680 Paralipomenon
1303 1573 1423 1683 capit·
1444 1583 1509 1658 33.

299 1683 492 1798 Denique
511 1684 554 1766 in
571 1685 677 1767 libro
696 1683 877 1766 iudicum
898 1711 984 1793 cap.
1006 1690 1044 1763 3·
1068 1682 1380 1766 commendatur
1401 1686 1518 1785 Aod,

300 1798 370 1907 qui
389 1796 542 1880 occidit
569 1795 704 1907 Eglon
734 1794 895 1906 Regem
925 1791 1218 1893 Moabitarum,
1248 1794 1317 1905 qui
1346 1824 1420 1906 per
1447 1812 1512 1907 ty-

298 1908 513 1993 rannidem
532 1908 576 1990 in
597 1907 746 1992 lsraele
763 1906 1060 1990 dominabatur.
1138 1916 1141 1922 ’
1191 1969 1195 1977 .

267 2085 272 2101 ,
355 2030 411 2104 83
467 2018 574 2102 Haec
621 2018 812 2130 exempla
858 2047 911 2101 ex
949 2016 1069 2099 sacris
1106 2015 1232 2101 literis
1271 2019 1352 2102 sint
1390 2020 1510 2102 satis:

99 2161 101 2166 ’
151 2176 154 2182 ’
300 2132 449 2215 omitto
468 2130 546 2214 alia
563 2131 774 2216 breuitatis
802 2158 933 2231 causa,
961 2144 1004 2213 et
1032 2130 1211 2212 conuolo
1240 2129 1291 2212 ad
1320 2131 1512 2243 exempla

299 2244 590 2327 humaniorum
601 2242 823 2344 literarum,
834 2241 1103 2353 Paganorum,
1118 2257 1161 2323 et
1175 2241 1509 2325 Christianorum.

304 2355 425 2439 Certe
443 2354 620 2468 populus
636 2352 863 2455 Romanus,
890 2354 944 2436 ob
964 2351 1238 2454 insolentiam,
1267 2382 1314 2436 su
1336 2354 1512 2453 ¹erhiam,

120 2558 126 2577 ¹
211 2480 230 2504 ¹*
301 2482 344 2550 et
374 2469 527 2551 scelera
557 2465 721 2578 Regum
760 2465 1003 2578 aliquorum,
1045 2465 1270 2656 praesertim
1304 2384 1510 2578 Parquinij

302 2580 479 2691 superbi,
497 2578 668 2663 etSexti
683 2576 890 2688 Tarquinij
912 2577 998 2661 eius
1016 2575 1044 2658 fi
1062 2577 1102 2686 ij,
1130 2577 1200 2686 qui
1212 2575 1421 2660 Lucretiae
1439 2579 1512 2660 lae·

298 2691 424 2774 minae
443 2691 694 2774 noblissimae
713 2707 898 2801 stuprum
922 2687 1072 2787 intulit,
1096 2688 1156 2770 rei
1184 2687 1442 2798 indignitate,
1469 2706 1512 2772 et

297 2801 415 2913 Lucij
443 2803 558 2886 Bruti
586 2802 771 2885 oratione
787 2818 1010 2996 permotus
1040 2798 1176 2909 Reges
1205 2799 1376 2911 expulit,
1405 2830 1512 2886 sese-

328 2945 380 2999 ue
397 2915 442 2997 in
460 2913 693 2998 libertatem
716 2914 784 2996 vin
815 2912 949 3002 icauit
1009 2911 1114 2995 Cum
1142 2927 1358 3021 regnatum
1391 2932 1512 2996 antea

342 3054 451 3110 omae
469 3027 494 3109 'a
513 3024 696 3137 Regibus
715 3046 823 3109 esset
840 3052 970 3108 annos
987 3050 1118 3136 prope
1133 3027 1226 3106 245.
1248 3038 1290 3106 et
1308 3021 1406 3106 inde
1424 3025 1511 3106 bini

282 3139 522 3332 „puomnnis
563 3136 760 3220 Consules
793 3137 917 3220 creati
946 3151 1052 3219 sunt
1111 3135 1174 3216 Sic
1205 3132 1322 3216 Titus
1353 3134 1509 3218 Liuius.

342 3251 456 3333 ucius
476 3247 634 3350 Florus,
663 3245 860 3350 Horatius
878 3246 1144 3347 Tursellinus,
1172 3260 1213 3329 et
1233 3245 1298 3356 alij
1328 3246 1510 3329 historici

156 3421 160 3435 1
300 3377 476 3444 narrant.
484 3359 582 3443 Post
594 3357 771 3443 multum
783 3388 881 3443 vero
894 3358 1091 3470 temporis
1101 3386 1193 3440 cum
1208 3355 1399 3441 Romana
1409 3357 1513 3441 Res-

298 3473 464 3583 publica
482 3474 533 3554 ab
561 3470 874 3583 imperatoribus
902 3472 1207 3581 gubernaretur,
1234 3468 1354 3551 multi
1383 3497 1435 3552 ex
1464 3470 1513 3551 il·
1591 3572 1593 3576 ,

296 3585 347 3670 lis
358 3600 443 3667 tam
464 3581 628 3694 Pagani,
655 3609 777 3694 quam
800 3580 1031 3683 Christiani,
1049 3582 1103 3663 ob
1119 3609 1190 3663 sua
1203 3581 1417 3682 demerita,
1434 3583 1511 3662 im·
1617 3651 1622 3657 ,

298 3698 428 3808 perio,
465 3696 630 3807 vitaque
666 3695 831 3777 fuerunt
862 3692 1021 3805 priuati.
1070 3690 1181 3774 Nam
1213 3690 1341 3775 Iulius
1377 3692 1512 3776 Caesar

298 3808 454 3920 primus
489 3805 552 3887 Im
584 3821 730 3907 erator,
768 3834 861 3888 cum
895 3821 1016 3888 antea
1047 3820 1155 3887 esset
1187 3830 1336 3914 magua
1371 3832 1507 3887 rerum

295 3932 502 4030 gestarum
530 3837 659 4030 gloria
686 3916 762 3999 insi
793 3917 868 4017 nis,
894 3934 1037 4028 postea
1064 3917 1119 3998 ob
1149 3914 1342 3997 iniustam
1372 3914 1510 4026 Impe-

297 4031 343 4142 rij
364 4031 690 4142 occupationem,
718 3946 907 4129 aRrutO,
931 4027 1082 4130 Cassio,
1111 4025 1349 4138 caeterisque
1367 4027 1510 4110 coniu-

851 4177 853 4179 >
943 4163 948 4177 '
1413 4138 1509 4222 ratis
