1054 1258
775 69 801 89 77

231 109 278 129 ratis
290 109 311 129 in
326 108 381 129 curia
396 115 407 128 a
422 108 450 128 nd
465 107 550 136 Pompei
565 108 673 133 theatrum,
687 108 751 128 tribus
765 111 787 128 et
801 108 830 128 vi-

229 137 280 164 ginti
288 137 352 164 plagis
361 143 399 156 con
409 143 465 156 ossus
475 140 496 156 et
506 136 623 157 interfectus
633 140 669 157 est.
685 136 747 159 Quod
754 135 830 156 factum

229 172 271 185 non
282 165 348 185 solum
359 163 442 184 Marcus
451 163 537 189 Tullius,
551 164 587 184 sed
599 164 660 184 etium
669 163 760 184 *Sanctus
775 164 831 184 Tho-

229 200 272 213 mas
283 193 304 212 in
313 192 365 212 libro
375 193 393 212 2.
404 192 550 212 sententiarum
560 192 679 212 distintione
689 191 766 216 vltima,
780 199 799 219 q.
810 193 828 212 2.

229 224 264 241 art.
276 222 294 240 2.
305 221 326 241 in
337 227 429 247 corpore,
443 224 463 240 et
470 219 495 240 ad
501 220 591 245 tertium,
600 223 621 240 et
628 219 680 240 libro
687 221 706 239 2.
715 219 741 240 de
749 220 830 247 regimi-

228 256 255 269 ne
265 248 382 276 Principum
393 248 452 276 capit.
462 250 481 268 6.
492 251 513 268 et
523 247 555 275 alij
566 248 602 268 viri
612 247 675 272 docti,
689 251 710 267 et
721 247 828 268 Christiani

230 284 255 304 ap
271 277 349 296 robant.

274 304 349 324 iberius
364 303 421 324 Nero
435 304 496 324 etiam
511 304 570 324 initio
587 304 617 324 sui
634 303 758 331 principatus
774 304 828 323 bona

230 332 304 352 indicia
314 332 414 352 moderati
429 335 450 352 et
459 332 508 352 boni
521 331 620 359 Principis
629 331 726 356 ostendit,
739 331 827 358 ideoque

229 360 342 380 celebratur
352 360 395 380 eius
405 359 485 380 celebre
495 360 578 380 dictum.
594 360 646 380 Boni
652 360 737 386 pastoris
745 367 782 379 csse
788 362 829 379 ton„

228 389 272 408 dere
276 395 341 415 pecus,
355 395 393 408 non
401 388 508 414 deglubere.
524 387 626 408 Caeterum
636 387 760 408 Germanico
768 394 829 407 vene—

227 416 277 443 ficijs
287 416 386 440 extincto,
400 419 456 436 metu
468 415 545 435 solutus
551 422 619 436 mores
627 415 698 435 soluit:
709 415 758 435 etin
766 422 829 435 omne

227 443 267 463 ruit
277 443 401 464 crudelitatis
411 450 481 471 genus.
497 443 587 464 Drusum
601 443 702 463 Caesarem
717 450 741 463 ex
758 450 780 463 se
794 450 829 470 ge-

227 472 292 491 nitum
303 471 370 492 affecti
379 471 445 499 Regni
456 475 573 499 suspectum
583 478 664 492 veneno
674 471 760 491 sustulit.
785 471 829 491 Ne*

225 506 304 524 ronem,
318 507 341 519 ac
354 499 442 519 Drusum
451 499 569 520 Germanici
578 498 637 524 filios,
651 502 738 526 nepotes
745 506 792 519 suos
800 498 828 518 fa.-

227 534 261 547 me
274 528 360 548 necauit.
382 527 473 547 Demum
487 527 562 547 oblitus
577 527 656 554 imperij
669 527 738 547 veneri
754 526 828 547 intem-

227 559 322 582 peranter
338 555 436 582 indulget.
461 555 496 575 Ad
514 555 609 575 vltimurn
628 554 705 582 delicijs
723 555 827 574 confectus

227 583 252 603 ad
269 582 373 603 Misenum
391 583 522 610 extinguitur,
544 590 586 603 non
602 583 646 603 sine
663 582 778 609 suspicione
793 590 828 602 ve-

229 618 283 632 neni.
529 630 531 633 ,

256 639 315 659 Caius
332 639 423 667 Caligula
439 639 506 667 primo
523 639 606 667 quidem
623 646 665 659 non
682 638 790 666 indignum
805 646 826 658 se

229 667 353 687 Germanico
372 671 436 695 patre,
458 667 569 695 populique
587 667 676 687 Romani
691 666 761 687 fauore
777 674 828 694 prae-

228 695 277 715 buit.
294 695 334 715 Sed
341 695 398 716 breui
404 699 501 722 tyrannus
511 694 580 716 extitit
587 694 669 715 Tiberio
677 694 796 715 immanior:
807 695 828 714 in

227 723 334 748 saeuitiam,
344 727 365 743 et
374 723 476 743 luxuriam
485 730 583 751 praeceps,
599 730 667 750 neque
678 724 702 744 ab
715 722 828 743 amicorum

227 751 354 778 coniugibus,
367 758 406 772 nec
416 752 428 771 a
435 751 537 772 sororibus
547 751 588 771 suis
597 751 725 779 temperauit.
747 750 829 777 Insigne

227 778 298 799 odium
308 779 351 799 eius
362 779 382 799 in
393 779 500 799 Romanos
510 779 586 799 nefaria
595 786 636 799 vox
646 778 680 799 illa
695 786 730 799 sua
739 778 787 798 satis
796 785 830 798 os⁴

226 807 299 827 tendit.
326 807 399 827 Vtinam
406 807 491 834 populus
500 807 599 827 Romanus
606 814 662 828 rmum
672 808 763 827 ceruicem
772 806 830 826 habe-

226 838 260 854 ret.
292 834 325 854 Ad
336 839 451 855 extremum
462 835 488 855 eo
497 834 597 862 processit
606 835 722 859 dementiae,
739 837 761 854 vt
777 833 828 854 diui-

227 869 265 882 nos
275 862 363 883 honores
373 863 410 883 sibi
421 866 529 890 arrogaret,
547 862 626 888 Romae,
645 862 729 890 alijsque
743 862 764 881 in
778 861 828 881 locis

227 890 305 917 templa
324 890 444 911 dedicando.
474 890 574 911 Caeterum
594 897 660 911 nouus
679 890 737 910 Deus
756 894 828 916 quarto

227 918 306 945 imperij
325 925 379 938 anno
396 918 516 939 interficitur
531 919 543 938 a
556 918 603 943 suis,
619 918 672 939 ferro
685 925 721 945 per
737 918 829 937 obscaena

227 945 307 971 adacto,
323 950 345 966 vt
355 953 414 967 causa
420 946 479 966 caedis
489 950 573 967 extaret.

256 973 314 994 Nero
338 974 424 995 crudelis
449 978 470 994 et
493 974 593 1002 pessimus
611 974 675 994 homo
694 973 829 1001 proculdubio

226 1001 272 1022 fuit*
293 1000 407 1022 Maiestatis
418 1002 527 1023 immemor
537 1002 558 1022 in
569 1009 650 1023 scenam
661 1009 702 1022 non
717 1001 780 1021 modo
791 1005 830 1021 tra»-

755 1029 830 1056 gaedus,
