3456 4734
301 285 305 290 ’
415 316 495 395 ree

363 468 571 569 uersarios,
588 467 711 552 etiam
734 466 767 549 si
790 467 833 550 ia
852 466 986 578 aliquo
1004 495 1098 550 casu
1125 495 1271 569 earum¹
1283 466 1431 557 milites
1448 466 1540 580 plu-

362 611 428 666 res
444 580 669 682 videantur,
686 604 808 692 quarn
826 571 1254 664 matisconensem
1273 578 1480 681 iustitiam,
1496 595 1540 662 et

364 694 558 806 pietatem
577 720 708 775 causae
726 705 883 790 vestrae,
900 703 943 773 et
959 689 1209 796 iniustitiam,
1227 704 1269 774 et
1286 689 1342 772 im
1373 690 1539 774 ietatem

365 830 495 888 causae
517 794 691 887 illorum.
749 801 834 885 Vos
852 802 962 886 enirn
989 829 1064 913 pro
1086 800 1322 887 defensione
1343 720 1440 887 ldei
1466 800 1541 886 Ca-

364 915 537 1016 tholicae,
554 930 597 998 et
613 914 749 1044 patrie
768 929 909 998 vestre
914 912 1130 1108 pugnatis:
1149 910 1220 1016 illi,
1238 929 1282 997 vt
1299 915 1482 1013 haereses,
1499 928 1543 994 et

367 1025 596 1138 impietates
617 1025 888 1126 introducant,
942 1024 1119 1108 imicant.
1164 1026 1314 1118 ‘Quare
1332 1024 1543 1109 diuersitas

368 1159 577 1222 causarum
609 1137 789 1236 diuersos
821 1136 988 1220 effectus
1015 1136 1239 1248 producere
1271 1136 1387 1237 solet,
1423 1136 1543 1218 Nun·

369 1275 489 1362 quam
509 1250 620 1333 enim
651 1248 846 1333 Catholici
867 1246 1084 1359 Principes,
1109 1264 1153 1334 et
1169 1248 1311 1362 populi
1330 1277 1382 1332 ex
1404 1247 1542 1331 animo

331 1448 337 1459 ,
369 1363 463 1444 Deo
482 1359 749 1463 adhaeserunt,
776 1360 873 1471 quin
901 1359 1091 1444 facillime
1119 1359 1171 1444 de
1192 1359 1374 1461 hostibus
1401 1361 1544 1443 trium-

373 1475 554 1585 pharent.
603 1472 724 1556 Notae
742 1488 835 1554 sunt
853 1472 894 1555 in
909 1471 1049 1584 primis
1063 1471 1238 1555 iictoriae
1256 1471 1298 1553 in
1317 1472 1445 1556 veteri
1464 1487 1544 1554 tes-

369 1597 565 1687 tamenta,
576 1583 761 1684 Abrahae,
776 1581 945 1694 Moysis,
954 1581 1093 1684 Iosuae,
1104 1581 1325 1683 Gedeonis,
1335 1582 1546 1680 Samuelis,

369 1696 552 1795 Dauidis,
561 1694 759 1796 Ezechiae,
768 1693 1232 1796 Iosiae,Macbabaeorum.
1240 1695 1287 1776 In
1300 1709 1546 1778 testamento

370 1836 481 1891 nouo
511 1807 800 1890 Constantinus
818 1834 1000 1919 magnus,
1026 1807 1095 1917 qui
1123 1806 1277 1918 primus
1296 1835 1347 1889 ex
1368 1803 1547 1916 Impera-
1580 1851 1582 1858 ·

320 1930 327 1940 '
369 1921 522 2003 toribus
553 1917 778 2002 Faclesiam·
806 1918 1055 2001 Catholicam
1083 1917 1277 2020 defendit,
1313 1918 1459 2002 eodem
1488 1917 1548 2000 fe-

328 2037 330 2039 ’
370 2061 415 2114 re
443 2029 569 2113 modo
598 2028 855 2128 Maxentium
884 2045 1100 2140 tyrannum
1129 2029 1237 2129 vicit,
1269 2058 1350 2141 quo
1380 2026 1551 2139 Moyses

294 2185 298 2195 ·
369 2141 636 2226 Pharaonem.
692 2139 759 2225 De
776 2140 848 2224 illo
869 2141 905 2223 S.
927 2140 1179 2251 Augustinus
1196 2140 1300 2224 libro
1319 2147 1355 2224 5.
1377 2141 1430 2224 de
1449 2142 1547 2224 ciui·
1685 2204 1689 2210 .

372 2252 456 2337 t'ate
465 2251 546 2337 Dei
555 2282 640 2365 cap.
650 2257 715 2337 25.
724 2254 782 2336 sic
800 2253 946 2336 scribit
970 2255 1254 2337 Cmastantinnm
1265 2256 1551 2362 Imperatorem,
1654 2275 1655 2278 ‘

216 2438 219 2446 χ
371 2396 448 2448 non
460 2367 734 2475 supplicantem
745 2367 986 2467 demonibus,
997 2367 1064 2448 sed
1073 2369 1195 2474 ipsam
1208 2365 1475 2448 Deamvernm
1488 2395 1551 2446 co-

371 2479 520 2577 lentem,
536 2481 652 2559 tantis
668 2480 824 2559 terrenis
840 2477 1010 2586 impleuit
1021 2477 1401 2586 numeramini
1417 2489 1551 2585 optare

370 2592 498 2671 nullas
511 2592 691 2686 anderet,·
708 2593 919 2672 aniaersam
932 2590 1057 2672 orden
1068 2589 1280 2670 Romanam
1294 2619 1387 2671 anas
1401 2592 1553 2696 Angus-

372 2714 432 2782 tas
441 2705 573 2802 tenuit,
587 2730 634 2783 ac
647 2701 838 2810 defendit,·
853 2703 895 2783 in
908 2701 1228 2800 administrandis,
1240 2713 1278 2781 et
1286 2703 1463 2810 gerendis
1476 2703 1552 2781 bel-

372 2816 419 2896 lis
431 2815 905 2919 victoriosissimas-sadda
926 2813 1117 2920 Tyranais
1127 2815 1381 2920 opprimendis
1386 2842 1462 2921 per
1476 2841 1552 2893 om-

372 2929 440 3006 nia
451 2937 700 3035 prosperatus
716 2937 793 3022 ern
808 2927 1043 3034 grandensis
1059 2925 1297 3032 egritudine,
1315 2937 1352 3005 et
1369 2936 1553 3005 senectute

373 3039 571 3146 defunctas
588 3050 655 3137 est,
666 3037 777 3142 filios
793 3039 1020 3146 imperantes
1035 3037 1196 3145 reliquit.
1236 3033 1302 3118 De
1321 3033 1552 3119 Theodosio

377 3146 543 3231 Seniore
576 3147 825 3259 Imperatore
853 3147 965 3248 idern
998 3146 1250 3258 Augustinus
1287 3147 1431 3229 citatus
1463 3176 1548 3257 cap.

377 3264 441 3343 26.
462 3259 598 3342 scribit
623 3258 734 3370 qudd
756 3259 850 3370 quia
870 3259 1101 3343 Catholicus
1122 3271 1219 3360 erat,
1237 3257 1340 3342 adeo
1358 3283 1551 3370 prospere

272 3411 275 3416 ·
376 3369 434 3452 illi
454 3371 592 3453 omnia
617 3369 898 3474 succedebant,
922 3385 967 3454 vt
991 3371 1033 3454 in
1058 3369 1192 3482 prelijs
1209 3368 1291 3454 tela
1308 3369 1487 3453 hostium
1507 3369 1550 3453 in

374 3482 497 3610 ipsos,
524 3481 618 3566 Deo
645 3496 805 3593 agente,
830 3482 1180 3598 retorquerentur3
1210 3494 1252 3565 et
1269 3479 1552 3565 Theodoretus

375 3593 443 3675 l1b.
456 3600 494 3677 5.
508 3593 682 3677 historie
694 3623 779 3706 cap.
792 3599 858 3676 24.
874 3593 987 3677 addit
1000 3595 1166 3678 Sanetos
1178 3592 1389 3696 Ioannem,
1403 3608 1445 3677 et
1457 3592 1551 3687 Phi·
1575 3632 1578 3640 ⁴

375 3703 533 3816 lippum
554 3704 777 3818 Apostolos
795 3705 836 3787 in
856 3707 970 3816 equis
988 3704 1088 3789 albis
1106 3703 1149 3787 in
1168 3703 1315 3789 eodem
1329 3703 1465 3815 prelio
1483 3734 1555 3815 ap·

374 3817 566 3928 paruisse,
579 3836 621 3902 et
634 3815 1013 3929 proillopugnasse
1042 3815 1109 3912 De
1118 3814 1308 3900 Honorio
1329 3817 1452 3916 etiarn
1468 3815 1550 3899 Im-

308 3999 311 4007 .
378 3944 564 4039 peratore
599 3927 808 4014 Catholico
840 3929 977 4013 scribit
1011 3927 1180 4012 Sanctus
1213 3927 1467 4038 Augustinus
1497 3929 1552 4012 ci·
1612 3939 1614 3944 '

278 4122 293 4140 ,,
380 4039 566 4125 tatuslib.
587 4047 624 4128 5.
645 4069 731 4152 cap.
746 4045 810 4126 23.
830 4038 887 4124 ita
901 4036 1036 4125 Deum
1048 4068 1123 4153 pro
1138 4038 1208 4124 illo
1222 4066 1436 4153 pugnasse,
1453 4056 1498 4124 vt
1510 4043 1553 4124 in

1466 4181 1547 4253 vno
