1054 1258
775 68 801 87 93

231 111 278 126 cum
295 105 356 126 Anna
370 104 520 129 commiserant,
534 103 600 125 triduo
615 107 661 132 post
675 104 737 137 ipsius
752 106 827 134 suppli-

231 134 292 158 cium,
306 133 370 153 securi
385 132 466 160 publice
480 132 568 160 percussi
583 132 664 153 meritas
677 132 766 154 hbidinis
786 140 828 154 suae

233 168 302 189 paeuas
311 161 417 181 dederunt.

260 189 311 209 Haec
322 189 383 209 Anna
393 188 470 209 Bolena
479 188 513 209 die
522 190 540 209 8.
553 188 682 216 Septembris,
696 196 750 209 anno
766 190 824 210 1533.

231 217 311 245 peperit
324 216 393 241 filiam,
414 216 446 236 cui
462 223 538 236 nomen
555 216 673 244 impositum
687 216 725 237 fuit
739 217 829 238 Elisabe—

232 249 258 269 ta,
272 248 292 265 et
303 244 394 272 quamuis
404 243 515 264 secundum
526 250 656 264 communem
670 244 826 266 aestimationem

231 273 338 300 putabatur
344 272 384 292 filia
388 272 450 299 Regis
458 271 549 296 Hernici,
555 272 619 292 nihilo
626 272 693 292 minus
700 276 783 300 propter
791 280 827 293 no-

231 300 329 321 tissimam
346 300 413 320 Annae
428 299 603 325 incontinentiam,
619 307 699 327 semper
712 300 827 321 dubitatum

232 332 269 353 est,
283 328 339 348 cuius
348 327 389 348 filia
398 331 451 348 esset
458 327 566 352 EIisabeta,
575 335 621 355 quae
626 331 694 348 tamen
705 332 775 355 postea
785 328 826 349 Re.

231 356 278 383 gina
288 355 389 380 haeretica,
403 359 424 376 et
433 355 510 376 intrusa
519 355 554 376 diu
564 355 606 376 fuit.

258 383 291 405 De
307 383 391 404 Henrici
406 383 542 408 ebrietatibus,
559 387 580 404 et
593 384 772 404 comessationibus
786 392 826 412 pau

232 419 255 432 ca
264 411 359 432 dicamus.
376 411 472 434 Quotidie
481 411 523 431 fere
537 412 549 431 a
562 411 647 439 prandio
662 415 705 432 erat
719 412 791 437 ebrius,
805 416 826 433 et

231 447 268 467 per
284 439 359 460 ventris
374 439 458 459 nimiam
474 439 615 467 repletionem,
632 443 653 460 et
667 447 741 464 curam,
751 447 776 460 eo
790 440 826 461 de-

231 467 338 488 formitatis
348 467 444 492 excreuit,
458 470 480 487 vt
489 467 523 487 vix
532 467 598 487 hostia
607 467 691 494 ingredi,
706 468 770 488 nullas
785 475 826 488 sca—

230 495 259 516 las
269 495 377 516 ascendere
386 498 467 523 posset3
483 494 538 521 (cum
549 498 618 515 tamen
628 495 649 515 iu
663 495 769 516 iuuentute
783 496 825 523 agi-

231 523 262 548 lis,
276 527 297 544 et
305 523 441 551 pulcherrirna
450 522 539 550 corporis
548 522 667 543 habitudine
673 524 740 551 esset)
765 523 825 544 Vnde

230 551 287 571 domi
302 551 353 574 inter
365 550 466 575 mulieres,
480 554 501 571 et
515 550 637 571 domesticos
652 557 755 578 tamquam
772 551 822 572 alter

234 579 378 606 Sardanapalus
389 579 487 599 manebat.

259 606 360 627 Henricus
377 606 427 627 adeo
443 613 513 627 auarus
529 606 573 632 fuit,
583 610 605 627 vt
621 606 702 635 (praeter
711 607 775 627 multa
790 607 825 627 tri-

231 636 286 660 buta,
295 642 338 662 quae
348 635 388 655 suis
395 635 482 655 vassallis
492 635 607 662 frequenter
616 635 644 655 im
660 635 719 660 osuit,
726 635 779 656 vnde
786 635 825 656 fre-

231 667 317 691 quentes
327 663 387 683 etiam
397 662 517 683 rebelliones
530 643 658 691 oriebantur?
672 663 763 683 omniurn
777 662 825 684 Μο-

231 691 396 716 nasteriorum,et
405 690 488 711 aliarum
495 690 568 711 aedium
576 698 675 711 sacrarum
680 691 740 716 bona,
746 694 767 711 et
773 691 825 712 redi-

231 724 263 739 tus
273 719 370 747 rapuerit:
386 723 407 739 et
417 726 442 739 ne
452 725 540 746 vnquam
548 718 618 746 repeti,
627 718 659 739 vel
667 719 761 746 Ecclesijs
768 719 825 739 resti—

231 747 261 767 tui
276 750 365 774 possent,
379 746 475 767 vniuersae
491 746 598 771 nobilitati,
611 750 632 767 et
647 746 689 774 alijs
704 747 825 767 secularibus

231 774 348 795 hominibus
360 774 467 799 distribuit,
480 774 554 802 partim
566 781 603 801 pro
618 774 703 802 seruitijs
716 774 790 800 dando,
804 778 825 795 et

232 803 306 830 partim
315 802 423 823 vendendo
433 809 508 829 cogens
517 802 578 823 etiam
589 802 663 823 multos
673 802 699 823 ad
708 802 824 828 emendum,

231 830 318 858 pecunia
327 833 438 855 numerata,
449 834 471 851 vt
481 837 516 850 eos
529 830 561 850 vel
576 830 604 850 sic
615 830 641 850 ad
653 830 684 850 sui
698 830 777 851 sceleris
790 830 825 851 de-

231 858 344 880 fensionem
355 857 458 885 obligaret,
479 857 582 878 AEstimari
591 857 665 878 dificile
674 862 748 886 potest,
762 865 825 886 quan-

230 890 272 907 tam
283 890 370 913 stragem
379 886 554 911 monasteriorum,
570 885 709 913 Templorum,
722 890 743 907 et
758 886 825 907 Sacran

232 921 276 934 rum
286 914 358 934 aedium
368 913 463 941 profanus
472 914 510 934 iste
520 913 570 934 alter
579 913 769 934 Nabuchodonosor
782 914 824 934 edi-

231 942 289 962 derit.
309 941 345 962 Vir
354 941 435 969 quidam
446 941 524 966 doctus,
539 945 560 962 et
569 941 621 962 illius
631 942 728 969 temporis
741 941 824 969 scriptor

232 969 263 990 his
273 969 352 990 duobus
361 969 463 990 versiculis
473 975 516 990 rem
526 969 667 997 sie'expressit.

259 998 325 1018 Millia
335 997 385 1018 dena
394 1004 440 1018 rmus
450 997 560 1024 templorum
570 998 642 1018 sustulit
651 1004 726 1022 annus,-

764 1026 825 1050 Quam
