3456 4734
324 301 378 378 38

192 503 195 515 ·
265 480 347 560 ores
365 453 413 533 de
432 451 645 560 Republica
676 449 894 533 Christiana
921 460 1123 559 tantopere
1148 441 1327 534 manae.
1371 451 1439 534 nn

263 567 394 673 itaque
411 563 640 646 authmitate
656 563 811 672 suffulti,
828 565 893 672 qui
909 574 977 644 nos
994 562 1035 643 in
1052 563 1123 645 hoc
1139 591 1310 673 supremo
1328 564 1482 647 iustitie

265 687 389 774 trono,
405 676 492 756 ticet
509 686 615 757 tanto
633 676 740 756 oneri
757 675 935 783 impares,
951 674 1069 755 admit
1082 675 1280 776 collocare,
1297 676 1345 757 de
1358 677 1482 785 Apos-

263 788 388 870 tolice
400 789 596 895 potestatis
607 785 847 896 plenitudine
859 786 1096 868 declaramus
1110 789 1338 870 antedictam
1351 787 1484 870 Elisa-

266 901 390 983 hetom
406 899 635 998 hereticam,
652 909 689 979 et
705 897 965 980 hereticorum
970 899 1195 1004 fautricem,
1212 902 1320 1009 eique
1337 899 1484 982 ari-he-

265 1023 388 1092 rentes
419 1013 460 1091 in
484 1011 696 1118 predictis,
732 1009 983 1091 anathematis
1014 1012 1235 1092 sententiam
1270 1013 1485 1111 incurrisse,

268 1123 461 1230 essequed
484 1123 624 1204 Christi
642 1122 812 1231 corporis
835 1122 979 1203 unitate
999 1123 1187 1230 precisas.
1249 1123 1483 1218 Quin-etiam

265 1236 388 1343 ipsam
399 1245 589 1341 pretenso
609 1233 740 1342 Regni
751 1234 931 1341 predicti
948 1235 1032 1315 iure
1044 1261 1113 1315 nec
1130 1262 1206 1315 non
1219 1235 1320 1316 omni
1339 1244 1375 1315 et
1391 1262 1484 1342 pso-

267 1373 423 1454 cumque
435 1347 613 1449 (dominio,
623 1346 822 1454 dignitate,
829 1345 1112 1454 priuilegioque
1125 1348 1485 1453 priuatamctitem
1542 1439 1547 1448 ‚

209 1472 211 1479 '
262 1458 1172 1566 proceres,suhditas,etpoputosdictiRegni,ac
1185 1469 1486 1556 ceterasomnes,

269 1571 336 1676 qui
353 1569 412 1650 iiii
430 1571 769 1677 quomodocumque
781 1571 973 1669 iurarunt,
990 1570 1016 1646 ά
1034 1571 1244 1650 iuramento
1262 1569 1487 1670 huiusmodi,

260 1681 319 1762 <ab
337 1681 437 1762 omni
452 1708 607 1788 prorsus
620 1681 1010 1790 daminij,fideiitotis,
1029 1691 1065 1760 et
1078 1681 1244 1789 ohsequij
1260 1682 1382 1764 debito
1394 1710 1487 1790 per-

264 1792 382 1900 petuo
407 1793 607 1893 absolutos,
631 1803 747 1900 prout
777 1818 846 1874 nos
868 1791 952 1873 iilos
981 1795 1227 1899 presentiam
1259 1793 1487 1875 authoritate
1631 1890 1634 1895 ,

270 1904 507 2003 ahsotuimus,
519 1915 556 1984 et
563 1907 765 2014 priuamus
778 1905 935 1986 eandm
949 1904 1184 1984 Elisabetam
1195 1917 1389 2013 pretenso
1405 1907 1488 1986 iure
1569 1979 1573 1987 .

270 2014 413 2123 Regni,
430 2017 588 2123 (ripsque
601 2016 769 2096 omnibus
784 2016 1024 2124 supradictis,
1033 2018 1364 2124 precipimusque,
1376 2029 1413 2098 et
1429 2019 1489 2098 in-

271 2128 487 2207 terdicimus
503 2128 697 2227 uniuersis,
714 2139 751 2207 et
767 2128 927 2237 singulis
938 2129 1170 2236 proceribus,
1186 2129 1352 2228 subditis,
1365 2156 1491 2236 papu-

254 2239 332 2341 tis,
364 2239 524 2347 uiijsque
546 2240 755 2338 antedictis,
781 2267 830 2320 ne
851 2238 909 2320 illi
933 2241 1084 2346 eiusque
1101 2241 1263 2339 monitis,
1288 2241 1490 2338 mandatis,

272 2360 309 2430 et
326 2349 472 2458 tegibus
490 2352 656 2432 audeant
682 2352 844 2432 obedire.
905 2352 983 2447 Qui
1003 2379 1106 2432 secus
1127 2355 1275 2460 egerint
1301 2378 1361 2432 eos
1378 2352 1491 2432 simili

272 2461 526 2543 anathematis
543 2463 692 2544 oincmo
710 2464 948 2563 innodamus,
966 2463 1031 2570 dc.
1081 2459 1182 2546 Haec
1200 2461 1294 2545 Pius
1315 2461 1491 2556 Quintus

268 2569 465 2657 ¹Pontifex
484 2570 692 2655 Maximus
711 2572 754 2654 in
773 2572 842 2655 illa
859 2572 979 2657 bulla.
1067 2572 1068 2575 ‘

328 2689 384 2768 40
439 2682 545 2767 Haec
564 2697 659 2766 sunt
676 2683 845 2786 indulta,
871 2684 1107 2797 diplomata,
1124 2685 1244 2769 rescri
1275 2700 1328 2787 ta,
1354 2685 1490 2787 bullae,

275 2793 342 2879 vel
373 2795 502 2878 literae
534 2796 794 2879 Summarum
833 2796 1091 2899 Pontificum,
1127 2798 1196 2908 qui
1281 2797 1491 2901 iberniam,

277 2920 319 2990 et
348 2903 555 2990 Hibernos
588 2909 637 2990 ab
671 2909 786 2990 omni
820 2907 982 3019 Regum
1018 2907 1249 3020 Anglorum
1279 2908 1490 2992 haeretico-

275 3045 367 3100 rum
390 3018 587 3120 dominio,
606 3033 648 3102 et
666 3018 943 3104 iurisdictione
971 3020 1168 3104 eximunt.
1224 3019 1349 3104 Nunc
1367 3035 1490 3115 restat

275 3129 477 3240 assignare
510 3129 586 3213 alia
623 3130 794 3215 aliorum
832 3129 1090 3215 Pontificum.
1114 3124 1392 3216 Maximorum
1429 3132 1492 3215 in-

277 3239 404 3344 dulta,
446 3271 518 3326 seu
554 3241 697 3344 bullas,
733 3272 825 3353 quae
863 3243 973 3355 ipsos
1013 3244 1244 3328 Catholicos
1282 3242 1495 3327 Hibernos*

259 3351 493 3436 hortantur
526 3354 577 3437 ad
609 3353 761 3437 iustum
793 3353 947 3440 bellum
986 3370 1127 3439 contra
1158 3354 1371 3439 haereticos
1403 3356 1492 3436 An-

275 3461 365 3574 glos
395 3466 660 3569 mouendum,
698 3481 740 3549 et
767 3466 1064 3571 sustinendum,
1094 3484 1138 3551 vt
1166 3496 1285 3579 supra
1317 3493 1489 3550 numero

277 3575 608 3662 nih-dicebamus.
1102 3612 1124 3662 ·,

331 3692 383 3768 41
469 3688 690 3801 Gregorius
737 3719 834 3801 ergo
876 3690 1058 3774 decimus
1100 3689 1260 3774 Tertius
1302 3687 1492 3773 Pontifex

279 3794 495 3890 Maximus
530 3829 615 3882 non
653 3800 780 3884 semel
819 3802 1002 3885 hortatus
1040 3817 1101 3886 est
1136 3800 1366 3885 Catholicae
1413 3800 1491 3884 Hi-

276 3911 424 3992 bernos
453 3911 504 3993 ad
531 3910 684 4018 bellum
715 3914 967 3998 mouendum
997 3930 1138 3998 contra
1165 3913 1378 3997 haereticos
1403 3914 1498 3995 An·

144 4061 147 4067 ¹
277 4021 366 4132 glos
404 4021 584 4109 tribuens
621 4022 917 4138 indulgentiam
954 4026 1190 4138 plenariam,
1233 4023 1410 4125 veniam,
1451 4039 1493 4106 et

1355 4136 1494 4220 remis-
