1054 1258
773 36 798 46 :u

233 67 272 86 cius
277 66 410 94 galeinaceum
417 67 518 86 comedere.
529 65 590 89 Quod
598 72 717 93 responsum
724 72 771 86 cum
779 65 826 86 Rex

234 93 318 118 audiret,
325 94 365 114 risu
373 94 445 121 plenus
452 94 486 119 ait,
492 94 525 114 Ne
534 97 554 114 tu
563 94 629 114 merito
636 100 687 114 meus
695 101 713 114 es
722 94 792 121 inferni
799 95 827 114 vi-

233 122 301 142 carius.
330 121 412 142 Deinde
426 122 487 150 paulo
501 126 554 150 post,
569 121 632 149 (quod
646 121 704 149 peius
718 125 748 142 est
771 129 827 142 eaeco

234 150 302 169 Annae
313 149 396 170 Bolenae
405 157 474 170 amore
484 150 556 170 ductus
566 149 614 170 Rex
620 150 710 170 animum
718 149 739 170 in
755 149 799 170 uxit
807 149 828 170 le

233 177 325 204 gitimam
345 185 429 198 vxorem
446 177 547 205 Reginam
567 177 695 198 Catharinam
714 177 827 205 repudiare,

234 209 256 225 vt
266 206 348 225 Annam
359 205 447 226 duceret.
462 205 490 226 Et
499 205 546 233 quia
557 205 651 226 Clemens
659 207 677 226 7.
686 206 780 226 Summus
788 205 827 225 Ec-

233 232 300 253 clesiae
309 232 404 254 Pontifex
414 233 480 254 noluit
489 233 559 254 audire
568 233 656 258 friuolas,
665 237 686 254 et
693 233 772 253 insanas
780 240 827 253 cau-

233 267 270 285 sas,
285 268 333 288 quas
346 261 448 282 Henricus
462 261 567 289 allegabat,
581 261 606 281 ad
621 261 660 281 hoc
674 261 784 281 diuortium
799 261 828 281 sa-

232 288 335 314 ciendum,
342 289 464 316 apostatauit
469 289 533 309 factus
539 289 682 313 schismaticus,
688 292 709 310 et
715 289 828 313 haereticus,

233 316 342 344 statimque
351 317 464 344 legitimam
479 324 564 338 vxorem
578 317 699 345 repudiauit,
717 320 738 337 et
751 317 771 336 in
784 316 827 337 eius

232 344 301 364 locum
321 344 433 365 introduxit
454 345 536 365 Annam
556 345 654 365 Belenum
670 344 777 372 multiplici
791 351 827 365 ne-

233 371 355 393 cessitudine
365 372 402 393 sibi
417 373 519 398 sociatam,
533 373 593 393 huius
607 373 661 393 enim
677 379 766 393 sororem
782 371 828 392 Ma-

232 400 282 420 riam
298 400 396 421 Bolenam
411 401 465 428 prius
480 401 523 428 ipse
537 401 607 421 habuit
622 400 763 425 concubinam,
779 400 828 425 imo,

232 432 253 447 et
263 427 305 448 eius
315 432 409 453 matrem,
423 436 448 449 ex
459 436 498 456 qua
508 428 566 449 istam
573 429 644 456 genuit
652 429 741 453 Annam,
751 435 797 456 quae
807 431 828 448 et

232 455 278 480 fllia,
284 460 305 476 et
311 456 379 483 pellex
386 456 470 477 Henrici
477 456 519 477 fuit.
528 457 563 481 At,
570 457 654 477 Nomine
659 457 828 484 depositopellicis,

232 490 278 503 vxor
287 485 328 504 eril-
359 484 399 505 Seu
408 488 430 505 vt
439 484 489 504 illud
499 484 585 505 disticon
596 484 668 505 elarius
677 484 770 512 explicat.

260 512 309 532 Imm
320 512 372 533 Iouis
381 519 441 537 soror,
450 516 506 539 atque
515 520 568 537 vxor,
577 520 641 533 verum
651 513 708 533 Anna
720 513 799 532 Bolena.

333 541 361 560 Et
370 541 436 567 spuria
445 541 583 566 Henricifilia,
597 543 614 561 et
624 547 670 561 vxor
679 543 726 560 erat.

260 567 340 595 Aliquis
350 568 433 588 forsitan
443 568 565 588 desiderabit
574 568 625 589 scire
640 575 664 588 co
689 568 736 593 oris,
750 571 771 588 et
785 568 827 589 ani-

232 595 260 615 mi
270 595 328 616 dotes
340 596 408 616 Annae
418 596 508 621 Bolenae,
522 596 579 616 cuius
593 603 662 616 amore
700 595 779 616 enricus
792 595 828 616 fla-

217 633 219 636 *
230 623 302 650 grauit,
321 627 342 644 et
356 624 382 644 ad
396 631 457 652 quam
471 624 611 650 obtinendam,
625 624 727 652 propriam
742 631 827 645 vxorem

232 652 350 679 repudiauit.
376 652 424 672 Fuit
434 653 495 672 Anna
506 652 582 673 Bolena
591 653 670 680 proceri
684 652 774 680 corporis
788 656 827 672 sta-

232 684 282 704 tura,
301 680 374 707 capillo
391 680 456 707 nigro,
474 680 526 701 facie
540 681 634 708 oblonga,
648 681 716 701 colore
731 679 828 704 subflauo,

232 708 288 734 quasi
298 708 379 728 icterico
389 708 462 728 morbo
472 708 578 733 laboraret,
592 709 624 729 cui
634 708 684 729 dens
694 716 745 729 vnus
759 708 780 728 in
795 715 827 728 su-

231 735 305 762 periori
314 736 398 763 gingiua
408 736 512 763 paululum
523 736 657 764 prominebat,
671 736 692 756 in
707 736 778 757 dextra
793 743 827 756 ma

232 770 259 783 nu
275 767 343 784 sextus
356 764 434 791 *digitus
450 764 602 791 agnoscebatur,
622 765 658 784 sub
675 768 746 784 mento
763 764 825 784 etiam

231 792 370 812 succrescebat
379 792 482 819 turgidum
492 792 561 812 nescio
571 792 626 819 quid,
640 792 696 812 cuius
710 791 827 812 deformita-

232 819 257 838 tis
268 819 362 846 tegendae
377 827 442 844 causa,
455 819 499 847 ipsa
513 820 567 845 colli,
585 824 606 841 et
621 820 708 847 pectoris
724 819 827 852 superiora

231 847 341 874 operiebat.
358 847 381 867 In
391 847 448 868 labi's
458 848 546 875 aliquam
561 852 695 873 venustatem,
709 848 729 868 in
744 847 827 874 facetiis,

232 874 253 894 in
273 875 364 900 saltandi,
384 879 405 896 et
438 875 496 896 dibus
519 875 603 896 ludendi
625 876 718 903 peritiam
734 875 826 896 habebat.

233 902 293 925 Quod
304 903 329 923 ad
339 903 413 923 mentis
425 903 534 931 imaginem
549 904 653 929 attinebat,
667 904 728 931 plena
742 903 780 924 fuit
794 910 827 922 su-

231 931 313 957 perbiae,
323 931 445 956 ambitionis,
454 932 543 957 inuidiae,
550 932 640 952 luxuriae.
652 932 703 952 Cum
710 930 827 959 quindecim

232 962 285 978 esset
295 966 400 984 annorum,
415 960 426 980 a
436 959 515 980 duobus
525 960 647 985 domesticis,
657 960 689 981 vel
695 959 825 1007 familiarlilfius

804 993 826 1006 0.
