1054 1258
776 36 800 47 ιυ

238 72 273 85 seu
282 64 397 92 Angiorum
405 64 468 92 copiis
478 65 498 85 in
509 71 567 85 suum
577 64 668 92 redijsset
678 72 770 93 regnum:
786 65 825 86 La-

238 92 285 119 geni
295 93 376 120 plurimi
384 97 457 121 sponte
467 96 613 113 concurrerunt
622 93 648 113 ad
657 93 736 114 reducis
746 93 775 114 sui
785 93 826 114 Re-

236 120 267 147 gis
277 125 342 148 partes
355 120 554 168 iuuandas,uffi1ibus
553 124 574 141 et
584 120 669 141 Britanis
679 121 763 148 stipatus
773 121 825 142 Der-

236 155 271 175 my
272 156 312 169 Slus
332 148 449 173 Dublinam,
497 156 596 176 anapiam,
614 153 635 169 et
653 149 701 169 alias
721 149 824 181 Cium-nes,

237 180 258 196 et
272 176 346 208 oppida
363 176 449 201 obsidet,
467 176 579 204 impugnat,
597 180 618 197 et
637 181 746 208 expugnat,
764 177 784 197 vi
801 182 822 198 et

237 204 284 224 dolo
295 208 315 225 et
325 212 345 224 111
356 204 459 225 Hibernos
469 204 518 224 alios
528 211 583 225 arma
592 204 664 230 mouit,
677 205 746 225 omnia
760 204 823 232 depo-

236 232 314 259 pulans,
323 232 436 257 deuastans,
451 236 472 253 et
482 236 569 259 stragem
579 232 646 253 edens.
677 233 714 253 Cui
725 232 771 253 Rex
781 233 824 253 Ro-

236 259 314 280 dericus
335 267 382 280 cum
397 260 439 288 alijs
456 260 590 292 magnatibus,
606 264 627 281 et
649 260 715 281 valido
734 261 823 281 exercitu

237 287 307 313 (serius
317 295 378 315 quam
391 295 427 316 par
437 288 487 320 erat)
498 288 598 313 occurrit;
613 292 634 309 et
643 288 720 320 aliquot
729 289 823 309 secundis

236 315 307 343 piaelijs
320 316 421 343 Dermysij
436 316 524 336 furorem
538 316 632 341 extinxit,
645 320 665 336 et
678 317 777 344 impetum
793 324 823 337 re-

236 338 322 364 tardauit
338 344 435 372 illumque
456 344 523 371 coegit
542 348 563 364 vt
581 344 646 364 filium
665 351 723 364 suum
739 344 822 365 nomine

237 372 354 392 Cornelium
361 372 454 392 obsidem
461 372 576 392 exhiberet:
587 376 608 392 et
615 372 681 392 statim
689 372 742 392 inter
748 375 824 392 vtrum-

236 406 282 426 que,
290 400 414 420 Rodericum
422 399 506 424 scilicet,
514 399 666 427 etDermysium
673 400 743 425 faedus,
749 404 770 420 et
777 407 824 427 pao-

236 431 279 447 turn
290 428 357 452 initur,
367 432 388 448 et
397 431 474 452 mutua,
481 431 502 448 et
511 427 606 455 frequens
616 428 702 448 mittitur
711 427 807 455 legatio,
803 435 823 448 111

236 462 275 482 qua
284 455 310 476 de
320 463 370 483 pace
380 456 451 483 agitur,
467 455 613 476 honestissimis
628 455 736 487 Dermysio
753 455 824 476 condi-

236 483 331 508 tionibus,
347 490 431 515 quarum
442 483 545 511 precipiua
555 487 604 508 erat,
613 487 635 503 vt
649 491 687 511 1p51
697 483 824 511 permittatur

235 511 347 538 pacificum,
355 515 376 532 et
382 511 483 539 integrum
490 519 520 532 sul
526 499 623 539 Lageniae
630 511 697 543 Regni
703 511 824 536 dominium,

236 539 408 566 quemadmodum
425 543 484 560 antea
503 539 596 564 habebat,
620 543 641 560 et
660 540 736 560 crimen
756 542 824 567 raptus

236 567 369 592 condonetur,
379 567 441 587 modo
451 567 500 588 velit
509 574 521 587 a
530 567 584 588 bello
591 555 696 588 desistere.

266 596 291 614 14
315 595 367 615 Haec
383 602 430 615 cum
446 599 561 622 agerentur,
575 603 623 616 ecce
633 595 752 622 Dermysius
762 595 825 615 homo

235 622 356 650 fideifragu8‚
372 623 480 651 inquietus,
497 627 518 644 et
527 627 585 644 natus
598 623 624 644 ad
639 623 787 648 contentiones,
804 627 825 643 et

236 651 403 678 perturbationes,
417 651 457 672 alif)
467 655 537 672 mouet
549 659 610 677 arma,
624 655 645 672 et
656 651 741 678 Ossyriae
750 651 825 679 princi-

235 683 305 706 patum
319 679 403 699 inuadit.
433 679 513 700 Deinde
526 679 664 700 Tuomoniam
678 679 730 707 petit
746 683 825 699 arcetur

236 711 303 727 tamen
314 707 380 728 valide
390 715 401 727 a
410 707 534 728 Duuenalno
545 707 618 728 Briene
634 707 756 728 Tuomoniae
769 707 825 734 prin-

236 735 287 762 cipe,
294 735 346 755 inter
354 742 422 763 quem,
429 740 450 756 et
457 735 581 756 Rodericum
589 735 669 763 Regem
678 735 755 762 (nescio
764 741 824 762 quam

235 763 261 783 ob
270 765 358 790 causam)
369 763 435 784 subito
443 768 501 784 atrox
508 764 571 784 oritur
578 763 660 784 bellum.
690 764 757 786 Quam
767 770 824 783 occa-

235 791 313 812 sionem
323 795 387 811 ratam
397 791 473 812 habens
482 791 600 818 Dermysius
609 799 654 812 suas
664 791 716 812 vires
726 798 772 811 curn
782 790 824 810 Du-

235 819 322 839 uenalno
332 819 445 845 coniunxit,
459 824 480 840 vt
490 819 586 840 Roderici
596 819 697 851 frangeret
704 818 824 846 potentiam,

235 847 337 874 totiusque
348 847 451 867 Hiberniae
460 847 560 875 potiretur
569 847 667 875 imperim
682 854 770 874 cumque
779 853 824 866 mo-

235 875 296 900 nitus,
306 878 326 895 et
336 882 384 903 sepe
394 879 475 902 rogatus
482 879 526 896 tum
536 876 548 896 ὲ
557 875 615 902 Rege
626 875 735 900 Roderico,
745 878 788 895 tum
798 874 823 894 ab

236 903 278 930 alijs
288 892 430 930 optimatibus?
440 907 460 923 et
470 903 546 928 amicis,
560 906 582 923 vt
591 903 616 923 ab
625 903 708 934 incepto
718 902 824 923 desisteret

236 938 315 951 memor
320 931 381 958 pacti,
387 935 407 951 et
413 931 578 958 faederis,filijque
585 930 667 956 obsidis,
674 931 745 951 noluit.
756 930 823 953 Quare

237 958 364 979 Rodericus'
358 966 387 980 ira
396 959 484 987 percitus
492 959 592 986 Dermysij
603 958 645 979 filio
660 958 725 979 obsidi
735 962 825 1005 mortelm

753 985 796 1006 intu
805 988 820 1005 11
