3456 4734
441 473 566 572 Quom
583 478 692 556 timeo
709 477 911 581 inponas,
942 475 1006 554 vir
1021 476 1113 554 cotis
1131 500 1225 554 onus
1243 478 1325 555 erit.
1378 497 1381 501 ’
1459 474 1462 479 ’

385 586 620 698 Vtcumque
648 598 786 669 tamen
814 583 934 667 fuerit
958 583 1010 668 de
1041 612 1227 687 numero,
1256 585 1342 669 siue
1375 585 1521 674 decem

331 697 471 800 millia,
490 697 575 782 siue
585 696 713 810 plura,
725 694 790 781 vel
834 696 996 780 auciora
1008 695 1160 780 fuerint
1172 695 1358 808 Templa,
1372 714 1415 782 et
1427 697 1523 786 Mo-

314 841 319 856 ⁴·
331 809 506 894 nasteria
523 809 740 892 deuastata
824 806 895 890 lud
914 809 1023 891 certe
1042 821 1201 891 constat
1218 807 1347 891 multa
1374 806 1524 896 Mona-

332 921 452 1006 steria
469 921 591 1004 fuisse
610 919 874 1021 ornatissima,
902 934 944 1002 et
966 918 1285 1030 opulentissima,
1312 949 1405 1032 quae
1432 950 1523 1006 om·

330 1034 399 1116 nia
418 1032 566 1145 impius
584 1033 661 1116 iste
675 1031 852 1145 diripuit,
869 1032 1052 1134 vastauit,
1071 1046 1114 1115 ct
1124 1030 1212 1114 solo
1224 1033 1425 1144 aequauit:
1445 1063 1524 1118 neo

186 1180 189 1183 ·
332 1144 602 1247 Bibliothetis,
640 1144 706 1228 vel
720 1143 824 1227 -vllis
855 1144 1064 1227 literarum
1095 1143 1344 1255 antiquitatis
1377 1172 1525 1229 monu-

331 1255 495 1358 mentis,
521 1271 591 1339 aut
619 1269 848 1339 sanctorum
877 1255 1057 1367 reliquijs
1084 1255 1280 1368 pepercit,
1307 1254 1408 1340 illud
1434 1258 1526 1341 bar-

330 1370 472 1451 barum
487 1397 683 1480 vsurpans
696 1367 862 1453 dictum.
891 1369 1527 1479 ‘Coruorumnt‘dosessepem'tusdi
1643 1405 1649 1418 =

330 1482 565 1582 mardandos,
575 1494 755 1591 reportet
763 1484 896 1562 iterum
908 1483 963 1562 ud
971 1481 1260 1562 cohabitandum
1268 1477 1526 1579 cumbran

334 1591 398 1674 Sic
417 1591 631 1703 sacrilegus
650 1591 719 1676 ille
737 1620 881 1675 coruos
899 1593 1071 1674 vocabat
1101 1590 1352 1693 Sacerdotes,
1379 1591 1526 1677 et'Re·

331 1702 509 1813 ligiosos,
538 1732 711 1814 quorum
728 1705 837 1786 bona
855 1703 984 1786 malus
1002 1702 1106 1786 latro
1125 1702 1267 1813 rapuit
1327 1703 1447 1789 Sacra
1465 1718 1530 1786 ta··
1594 1783 1598 1791 .

331 1841 430 1898 men
446 1814 585 1927 praeda
604 1815 841 1927 sacrilegum
869 1815 1099 1926 praedonem
1134 1813 1418 1925 pauperiorem
1447 1814 1524 1899 red

276 1981 280 1986 -
332 1922 449 2029 didit,
476 1951 570 2010 cum
589 1926 696 2010 male
713 1941 840 2039 parta,
867 1925 972 2008 male
991 1927 1122 2038 perire
1141 1923 1308 2008 soleant.

299 2072 300 2076 ¹
386 2038 611 2147 Crudelitas
644 2037 814 2123 Henrici
847 2037 982 2149 colligi
1009 2051 1146 2150 potest
1177 2066 1229 2119 ex
1259 2036 1522 2123 multitudine

331 2146 675 2233 nobilissimorum
708 2149 937 2251 hominum,
973 2163 1015 2232 et
1047 2147 1217 2230 aliorum
1248 2148 1414 2231 ciuium·
1433 2178 1528 2234 suo·

223 2277 226 2280 ’
334 2286 426 2345 rum
444 2275 529 2343 tam
562 2262 814 2363 secularium,
871 2290 965 2344 uam
996 2257 1390 2363 Ecclesiastieorurn,
1422 2289 1526 2373 quos

335 2371 485 2455 iniuste
503 2375 625 2456 morti
643 2372 817 2456 tradidit
885 2388 949 2458 ost
967 2399 1064 2484 ergo
1083 2372 1368 2483 interpositum
1387 2372 1525 2456 diuor-

333 2483 438 2567 tium
458 2510 552 2566 cum
579 2512 705 2568 vxore
732 2484 926 2595 legitima,
958 2499 1001 2568 et
1027 2482 1239 2566 dissidium
1270 2512 1364 2567 cum
1384 2484 1528 2570 Eccle-

334 2594 393 2677 sia
413 2594 633 2697 Catholica,
663 2596 732 2678 vix
751 2594 942 2708 explicari
967 2608 1105 2708 potest
1129 2610 1321 2706 quantam
1349 2599 1528 2707 stragem

333 2704 568 2810 nobilitatis,
582 2735 746 2791 suorum
761 2737 841 2820 que
857 2708 1008 2791 ciuium
1021 2705 1194 2791 ediderit
1206 2707 1282 2792 iste
1297 2706 1341 2788 N
1342 2735 1413 2791 ero
1426 2737 1528 2820 pau-

334 2819 391 2900 cis
409 2816 487 2900 illis
501 2820 788 2931 annis‚·quibus
799 2819 1033 2932 superuixit
1065 2817 1129 2900 Ex
1141 2816 1288 2901 tabulis
1300 2831 1440 2902 tamen
1451 2848 1528 2931 pu-

335 2930 450 3013 blicis
477 2949 741 3014 numerantur
767 2932 850 3014 duo
876 2929 1119 3031 Cardinales,
1148 2929 1322 3014 loannes
1337 2928 1529 3014 *Rossen-

336 3043 402 3143 sis‚
431 3055 473 3124 et
504 3041 683 3125 Thomas
715 3042 894 3126 Volsaeus
919 3043 1141 3154 tertiusque
1167 3043 1311 3126 absens
1336 3041 1527 3156 perduel-
1626 3039 1633 3054 ’

336 3151 457 3235 lionis
476 3182 567 3236 reus
585 3153 807 3238 declaratus
828 3151 932 3260 (sine
950 3153 1030 3236 vlla
1048 3169 1187 3237 tamen
1207 3153 1341 3269 eulpa)
1363 3168 1406 3237 et
1418 3181 1529 3235 mor-

337 3267 371 3346 ti
390 3265 652 3368 adiudicatus,
680 3267 948 3378 quaesitusque
1002 3265 1053 3347 ad
1077 3292 1237 3367 necem,
1264 3265 1432 3377 praemio
1459 3294 1531 3348 au-

336 3403 499 3459 reorum
530 3376 820 3488 quinquaginta
846 3376 972 3461 millia
1000 3376 1135 3459 dando
1165 3375 1216 3478 ei,
1249 3376 1318 3487 qui
1348 3390 1526 3460 mortem

336 3485 503 3571 inferret
534 3487 734 3571 Cardinali
764 3488 991 3600 Reginaldo
1020 3486 1120 3570 Polo
1146 3487 1329 3571 eiusdem
1356 3486 1529 3571 Henrici

334 3598 523 3710 proximo
543 3602 855 3711 consanguineo.
913 3600 1049 3682 Duces
1075 3597 1352 3699 Morchiones,
1391 3599 1529 3683 Comi·-

336 3729 413 3812 tes,
447 3711 735 3823 Comitumque
758 3712 845 3814 filii,
872 3710 1099 3795 duodecim.
1132 3709 1323 3812 Barones,
1341 3724 1383 3793 et
1402 3709 1530 3902 Efflui-

334 3836 397 3902 tes
416 3823 541 3904 aurati
560 3823 716 3924 decern,
748 3840 791 3907 et
817 3840 926 3926 octo,
959 3823 1154 3922 Abbates,
1185 3850 1232 3904 ac
1251 3821 1422 3906 Priores¹
1480 3849 1526 3903 o-

337 3933 600 4015 nasteriorum
621 3935 826 4019 tredecim.
867 3933 1106 4044 Presbyteri,
1126 3931 1335 4035 Monacbi,
1354 3949 1397 4018 et
1415 3932 1529 4016 Rels

337 4043 440 4154 giosi
460 4046 900 4158 septuaginta-septem.
959 4047 1024 4129 Ex
1052 4045 1205 4158 reliqua
1226 4045 1454 4238 nobilitatei
1477 4074 1530 4239 pc

678 4186 679 4191 ¹
1408 4185 1529 4268 pee
