1054 1258
782 36 809 46 συ

229 66 369 87 remissionem
392 69 523 94 peccatorum
547 65 648 90 omnibus,
678 66 713 93 qui
737 65 834 86 Iacobum

230 94 370 119 Geraldinum,
388 97 409 114 et
428 94 527 114 Ioannem
546 93 679 114 Geraldinum
696 97 795 118 strenuos,
814 97 835 114 et

230 122 344 143 catholicos
358 122 420 142 duces
434 121 537 142 Hibernos
552 122 615 142 secuti
624 121 715 146 fuissent,
729 125 750 142 et
759 129 781 142 se
795 121 834 141 illis

228 150 366 171 adiunxissent
376 153 417 175 aut,
427 149 523 175 Consilio,
537 149 612 174 fauore,
626 150 758 175 comeatibus,
767 149 834 173 armis,

228 178 260 198 ali
255 185 311 205 ‚sque
326 178 402 198 bellicis
411 166 477 202 iebus,
492 185 527 198 seu
537 184 664 205 quacumque
678 177 756 198 ratione
771 184 832 205 opem

228 206 331 227 dedissent
347 206 368 226 in
382 205 436 226 bello
453 209 523 226 contra
535 205 642 226 haereticos
657 205 743 233 Anglos,
758 209 781 225 vt
799 212 834 232 pa-

228 238 258 254 tet
273 234 293 254 in
308 233 363 254 bulla
377 233 471 261 expedita
486 233 557 254 Romoe
571 233 625 261 apud
640 233 735 254 Sanctum
751 233 833 254 Petrum

228 262 261 282 die
275 263 305 282 13
323 261 373 289 Maij
390 269 444 282 anuo
459 261 544 281 Domini
561 262 620 281 1580.
637 268 691 281 anno
710 265 783 282 octauo
802 261 833 281 sui

229 289 365 315 Ponfficatus,
386 296 447 317 quam
465 289 527 309 refert
545 289 646 309 Dominus
665 289 769 317 Philippus
790 289 834 310 Sul-

228 317 311 338 ]euanus
327 322 385 338 tomo
400 318 419 337 2.
439 317 527 338 historiae
542 316 650 338 Catholicae
665 316 769 338 Hiberniae
782 317 834 337 libro

229 347 246 365 4.
255 353 277 366 ca
292 346 340 366 ,17.
350 345 384 366 fol.
394 346 438 366 100.
449 349 470 366 et
482 346 525 365 101-
534 351 595 373 quam
602 352 640 365 nos
647 345 709 365 etiam
716 345 782 366 hicde
789 349 839 366 ver-¹

227 373 254 393 bo
264 381 275 394 a
299 373 383 394 verbum
393 372 531 401 proponimus.

288 479 603 510 GREGORIVS
633 479 775 510 PAPA

228 567 441 590 Deeimustertius
459 567 591 594 vniuersis,
609 569 634 590 et
657 567 765 597 singulis
786 567 832 590 Ar-

261 613 429 644 chiopiscopis,
451 613 580 644 Episcopis
599 614 743 644 caeterisque
765 614 832 637 Prae-

261 661 326 688 latis,
352 668 397 683 nec
415 667 467 683 non
486 660 656 691 Principibus,
682 660 832 688 Comitibus,

262 707 413 734 Baronibus,
433 707 516 735 Clero,
530 707 670 735 Nobilibus,
688 710 713 731 et
726 708 832 738 Populis

262 754 344 784 Regni
357 754 486 777 Hiberniae
494 754 612 782 salutem,
624 757 649 778 et
658 755 830 785 Apostolicam

260 800 468 823 benedictionem.

225 906 252 924 42
322 905 354 924 Vm
369 905 461 932 prozimis
478 905 603 932 superioribus
621 906 676 926 annis
695 913 733 933 per
756 908 830 926 nostras

316 933 381 953 literas
398 939 430 953 vos
448 933 519 953 hortati
535 933 637 960 fuerimus,
659 937 679 954 vt
702 934 729 954 ud
750 936 830 954 vestram

316 963 419 984 libertatem
449 965 605 991 recuperandam,
632 972 710 992 eamque
740 965 831 1012 affluemus

770 993 832 1012 cereti-
