1054 1258
389 65 685 98 CATHOLICIS

256 130 295 170 L
314 129 355 169 E
377 130 411 170 C
432 129 474 169 Τ
495 129 536 169 Ο
556 128 599 169 R
618 129 643 168 I
659 128 699 169 Β
718 129 762 169 V
781 130 808 170 S

387 198 679 229 ANTELOQVIVM.

392 294 395 296 ·
407 292 422 311 st
438 284 535 305 AGANI
551 292 605 305 verae
619 285 669 306 lucis
683 285 754 313 sydere
768 293 819 306 non-

389 336 391 340 !
400 317 410 335 'a
421 324 426 331 2
436 313 485 333 dum
495 313 523 334 eis
533 313 617 338 oriente,
632 313 652 333 in
662 313 757 337 tenebris,
771 314 788 333 &
799 314 819 334 in

415 346 425 360 z
436 341 506 361 vmbra
515 341 585 361 mortis
597 341 736 362 miserabiliter
750 342 820 361 ambu-

406 363 424 394 ὲὶἳ
435 369 488 389 lant:
499 369 663 390 Iudaeivelamine
669 376 729 397 super
734 376 769 389 cor
775 376 820 396 per-

414 407 423 418 1
436 400 539 422 manente,
543 397 609 417 adhuc
613 397 819 417 caecutiuntzhaeretici

398 445 406 450 s,
421 439 425 442 >
437 432 504 446 errore
514 425 574 445 deuio
588 425 708 450 abducente,
722 425 818 445 delirant:

310 464 321 467 ..
360 468 364 471 >
376 460 389 473 Q
411 451 422 472 ’1η
437 460 478 473 non
490 453 540 473 nulli
556 453 661 477 Catholici,
675 453 771 473 charitate
786 453 819 473 fri-

241 485 336 508 gescente
353 482 374 502 in
388 481 496 502 mundanis
510 481 603 501 cordibus
618 481 642 501 ab
658 481 754 501 exercitio
769 481 817 501 boni

242 509 314 536 operis,
329 510 346 529 &
357 509 487 530 studiositatis
497 513 579 536 torpent
589 509 704 536 ignorantes
714 508 745 529 ius
760 509 817 536 regni

242 537 272 557 sui
282 537 306 557 ab
314 537 432 565 alienigenis
439 537 539 557 haereticis
545 537 587 564 jam
598 537 633 557 diu
643 540 766 564 vsurpatum‚
776 544 817 557 non

242 565 285 585 sine
292 565 362 592 patriae
370 565 476 590 dedecore,
486 564 599 592 Religionis
613 564 723 585 Catholicae
735 564 817 590 damno,

241 593 259 612 ἃ
266 593 337 613 iniuria
344 593 389 613 Dei.
404 593 470 616 Quam
477 593 503 613 ob
510 599 598 617 causam,
605 593 657 613 hanc
665 592 742 612 institui
749 592 817 620 dispu-

241 620 346 646 tationem,
360 625 382 642 vt
396 621 473 649 aliquos
485 620 599 641 Catholicos
610 620 713 641 Hibernos
722 620 815 641 docerem

241 656 310 669 verum
321 649 388 677 Regni
396 649 460 670 nostri
467 649 504 674 ius,
511 649 566 676 quod
573 649 621 674 scio,
628 656 640 669 a
646 648 716 669 multis
723 648 817 676 ignorari,

240 677 258 696 ἃ
268 677 293 697 ab
303 677 345 704 alijs
355 678 381 697 ob
392 677 473 709 aliquod
483 677 602 705 temporale,
616 677 634 697 &
646 676 715 704 fragile
725 683 817 697 commo-

240 704 296 729 dum,
303 712 344 725 non
351 705 440 730 defendi,
447 708 469 725 vt
475 712 510 732 par
517 708 566 726 erat:
573 705 591 725 &
596 708 618 725 vt
624 704 731 725 refutarem
738 704 815 732 aliquos

239 732 345 752 haereticos
357 733 442 760 Anglos,
456 732 490 760 qui
504 732 575 753 maiori
585 733 693 753 verborum
708 739 816 760 exaggera-

239 760 301 785 tione,
316 768 376 787 quam
386 761 487 781 rationum
497 760 588 788 pondere
597 760 648 780 illud
657 760 782 788 impugnare,
797 761 815 780 &

239 794 355 815 expugnare
365 788 498 813 contendunt,
510 787 547 809 etsi
557 788 646 809 veritatis
659 788 736 808 lumine
748 789 814 809 obruti

238 822 279 835 non
283 816 369 841 valeant,
375 824 413 837 nec
418 816 545 844 inposterum
551 816 652 837 valebunt.
659 815 776 836 Tandemvt
781 824 815 837 ve-

237 843 324 869 ritatem,
338 844 475 872 iustitiamque
489 847 579 864 nostram
593 844 618 864 ab
633 844 722 872 ipsorum
735 844 814 871 impug-

237 872 358 897 nationibus,
369 872 421 892 clare
431 872 559 892 vindicarem.
580 871 640 895 Quod
655 872 670 892 si
685 872 740 892 recte
753 879 815 899 prae&

236 899 303 924 titerO,
313 907 354 920 non
361 907 432 928 pamm
439 903 490 928 puto
499 906 533 920 me
544 899 641 920 Hibernis
650 900 701 920 meis
711 900 812 920 inseruire:

237 927 267 947 sin
277 928 350 953 minus,
360 928 453 949 voluntas
462 935 499 956 pro
509 927 562 948 facto
572 928 660 955 reputari
670 928 737 952 debet,
747 927 813 975 donec

518 962 533 976 Δ
781 963 792 976 a
801 963 812 982 ¹J
