3456 4734
316 402 396 480 128

320 543 506 639 Tandem
536 568 723 666 tempore
755 553 983 663 Innocentij
1013 553 1120 664 tertij
1156 553 1311 637 Summi
1340 554 1447 641 Pon·

259 666 385 749 tificis
422 664 466 747 in
502 662 673 753 Francia
708 668 759 750 ab
796 682 892 750 octo
928 663 1107 749 millibus
1145 665 1446 752 Catholicorum

267 807 372 861 caesa
403 792 498 860 sunt
526 807 610 861 vno
638 777 780 889 praelio
808 793 975 862 centum
999 775 1128 860 millia
1154 779 1302 887 partim
1328 779 1447 864 Albi·

265 889 452 1000 gensium
485 889 784 991 haereticorum,
817 890 965 1018 partim
996 917 1154 986 eorum,
1182 890 1251 999 qui
1280 890 1359 973 illis
1390 892 1449 976 fa·

267 1003 432 1102 uebant,
457 1015 502 1082 vt
529 1001 667 1085 scribit
691 1001 879 1085 AEmihus
901 999 972 1083 lib.
999 1007 1037 1084 b
1064 999 1244 1082 historiae
1271 1000 1308 1082 F
1307 1032 1448 1087 ranco-

268 1141 371 1195 rum.
422 1114 549 1195 Anno
571 1117 689 1197 1531.
719 1114 899 1225 quinque
924 1110 1065 1224 praelia
1092 1112 1341 1197 comiserunt
1359 1113 1448 1200 He·
1539 1170 1543 1176 ·

136 1282 141 1295 .
268 1223 405 1336 luetij:
444 1242 487 1307 et
522 1252 684 1338 semper
722 1224 921 1313 Catholici
950 1225 1147 1323 vicerunt,
1178 1253 1272 1307 cum
1309 1241 1447 1311 tamen

270 1352 407 1419 essent
438 1363 624 1439 numero,
661 1351 704 1420 et
739 1336 860 1421 armis
896 1335 1027 1418 multo
1063 1334 1284 1420 inferiores.
1342 1336 1449 1423 Vide

272 1447 580 1547 Cochlaeumin
610 1448 709 1531 actis
736 1447 907 1532 Lutberi
934 1476 987 1531 eo
1019 1475 1139 1530 anno.
1202 1446 1369 1533 Carolus
1399 1449 1448 1533 V.

271 1557 554 1642 Romanorum
592 1558 654 1641 lm
686 1575 831 1661 erutor,
865 1575 908 1643 et
944 1557 1232 1670 Hispaniarum
1272 1560 1451 1645 Catholi-

271 1699 341 1753 cus
371 1669 478 1773 Rex,
504 1590 701 1754 miraculo
729 1700 859 1784 prope
886 1670 1041 1770 diuino,
1058 1697 1166 1752 anno
1187 1675 1305 1757 1547.
1324 1674 1451 1756 victo-

270 1782 372 1864 riam
390 1782 613 1894 reportauit
630 1782 683 1867 de
701 1781 957 1867 Lutheranis.
1013 1780 1078 1865 Eo
1096 1809 1272 1896 namque
1289 1799 1452 1896 tempo-

271 1922 316 1977 re
336 1893 558 1977 Germania
640 1924 694 1979 ne
708 1894 842 1978 omnis
859 1893 1022 1977 simula
1049 1894 1221 1997 Caesere,
1248 1910 1371 2006 atque
1398 1897 1452 1980 ab

273 2004 502 2088 orthodoxa
537 1924 734 2116 religione
770 2005 986 2091 deiecerat
1046 2003 1301 2091 Defectionis
1338 2005 1450 2089 Prin·

273 2115 388 2229 cipes
425 2131 540 2200 erant
573 2114 782 2231 Philippus
813 2117 1107 2229 Landgrauius,
1139 2134 1183 2202 et
1214 2116 1451 2217 Fredericus

267 2228 466 2329 Saxoniae
491 2227 602 2312 Dux.
647 2229 813 2314 Carolus
831 2247 969 2314 tamen
990 2228 1229 2341 Imperator,
1255 2230 1331 2313 etsi
1358 2229 1451 2312 viri·

271 2341 349 2422 bus
372 2339 516 2453 impar,
542 2338 713 2425 consilio
735 2343 918 2454 superior
945 2342 1451 2431 eratin-Germanorum-

271 2479 353 2562 que
388 2450 543 2537 seroces
574 2452 751 2565 impetus
783 2452 1012 2538 cunctando
1047 2453 1178 2567 fregit.
1235 2451 1338 2536 Inde
1373 2481 1451 2539 nec

271 2564 486 2676 opinantes
512 2564 652 2649 hostes
675 2593 884 2677 aggressus
909 2565 996 2678 pari
1025 2564 1186 2667 virtute,
1212 2593 1259 2647 ac
1283 2562 1451 2648 felicita-

271 2690 315 2758 te
333 2674 499 2776 deleuit,
516 2692 560 2760 et
586 2691 802 2788 vtrumque
827 2675 1053 2789 Principem
1075 2677 1117 2760 iu
1136 2676 1297 2761 vincula
1314 2676 1451 2759 conie-

273 2787 342 2887 cit,
371 2803 415 2871 et
437 2802 582 2899 postea
605 2788 829 2873 clementer
846 2789 1012 2888 dimisit,
1039 2803 1253 2900 totamque
1281 2787 1451 2870 Germa-

272 2897 383 2982 niam
401 2901 575 3013 pacauit,
592 2915 636 2984 et
652 2901 695 2983 iu
715 2929 829 2985 suam
849 2899 1124 2984 obedientiam
1141 2900 1309 3010 redegit.

327 3016 384 3092 22
438 3011 488 3094 In
524 3011 695 3096 Francia
725 3042 901 3125 quoque,
932 3027 976 3096 et
1008 3011 1151 3124 Belgio
1187 3012 1334 3094 multas
1371 3012 1454 3094 vic·

272 3122 396 3206 torias
435 3123 633 3208 Catholici
670 3124 723 3209 de
753 3123 968 3226 haereticis‚
997 3152 1084 3207 non
1120 3124 1208 3208 sine
1244 3123 1452 3223 miraculo,

271 3249 542 3347 reportarunt.
589 3234 681 3320 Imo
709 3236 779 3320 vix
805 3264 984 3347 vuquam
1005 3235 1187 3320 haeretici
1205 3235 1369 3319 fuerunt
1387 3264 1452 3316 su·

272 3346 465 3457 periotes,
492 3346 656 3458 quando
677 3348 786 3432 iusto
803 3348 948 3462 praelio
965 3347 1203 3432 dimicatum
1221 3362 1296 3447 est,
1312 3363 1357 3428 vt
1377 3347 1452 3428 Ca-

272 3457 415 3541 tholici
446 3458 655 3542 Authores
713 3461 833 3543 assim
862 3459 1041 3566 tradunt,
1063 3459 1287 3573 praesertim
1319 3459 1453 3541 Anto·

272 3568 354 3653 tiu's
385 3567 629 3655 Posseuinus
673 3490 883 3684 ‹hsputans
929 3587 1071 3657 contra
1105 3569 1324 3655 Nicolaum
1348 3566 1454 3651 ‚Ma-

273 3678 531 3784 chiauellum,
559 3698 602 3766 et
636 3681 737 3767 alios
769 3683 974 3785 Politicoa
1000 3702 1044 3770 et
1072 3684 1244 3768 Atheos.
1313 3680 1454 3764 Nostri

273 3793 398 3876 etiam
419 3793 617 3890 Catholici
642 3810 731 3877 tum
761 3794 937 3907 antiquis
965 3794 1044 3879 illis
1070 3794 1335 3908 temporibus,
1362 3811 1451 3875 tum

275 3903 399 3986 etiam
416 3904 481 3988 his
499 3906 700 4019 proximis
728 3907 857 4011 annis,
881 3907 1029 3991 multas
1050 3908 1237 3991 victorias
1255 3906 1305 3986 ab
1323 3904 1454 3987 haere·

273 4014 363 4099 ticis
407 4045 453 4101 re
509 4032 678 4118 rtarunt,
732 4048 816 4103 non
862 4018 995 4131 magis
1044 4013 1274 4135 Anglorum
1326 4015 1453 4116 clade,

273 4155 396 4238 quam
475 4131 691 4215 bemorum
718 4129 911 4217 felicitate
934 4131 1104 4218 nobiles.
1153 4129 1259 4224 Quae
1285 4129 1454 4257 cumita

236 4265 237 4269 ’
1362 4256 1453 4324 srnt.

724 4361 771 4435 Β,
