1054 1258
686 141 725 161 129

161 180 206 201 sint.
229 180 274 203 Quo
289 185 352 207 vsque
365 178 473 200 abutentur
482 178 552 211 Angli
568 179 657 200 haeretici
672 180 750 207 patien

162 208 189 228 tia
204 208 284 228 nostra?
301 206 396 230 Quandiu
409 214 447 227 rios
460 206 521 228 etiam
533 206 607 228 furor*
602 214 694 239 ipsorum
704 207 749 228 illu-

162 236 210 256 det?
225 236 292 259 Quem
306 235 332 255 ad
345 235 408 255 finem
422 242 466 256 sese
480 234 561 255 illorum
573 235 675 256 effraenata
688 235 749 256 iacta,-

161 264 191 284 bit
204 263 300 284 audacia?
319 262 347 283 Et
360 269 466 295 vsquequo
480 262 563 284 tandem
577 263 687 284 seruiemus
705 263 748 284 An-

161 292 206 319 glis,
220 298 306 323 quorum
325 290 411 311 maiores
427 290 536 312 maioribus
550 291 623 311 nostris
635 294 657 311 vt
673 292 749 312 manci-

162 320 195 347 pia
210 319 334 344 seruierunt;
350 318 432 351 plurimi
446 318 501 339 enim
516 319 585 346 Angli,
599 326 649 346 quos
663 319 748 340 maiores

163 347 225 368 nostri
241 347 262 367 in
277 335 334 368 bello⁷
346 346 458 379 capiebant,
472 346 505 367 vel
518 347 544 367 ab
558 346 601 375 alijs
616 347 668 375 capti
685 351 748 379 erant,

162 375 182 395 in
193 375 292 396 Hibernia
301 375 381 403 passim,
393 374 414 395 in
424 374 504 395 catastis
515 378 618 407 tamquam
628 375 732 402 pecudes
726 382 747 395 ln

162 403 279 424 nundinis
270 411 281 423 a
295 410 341 423 man
357 402 429 423 onibus
442 402 586 427 vendebantur,
595 402 623 423 ita
632 406 654 423 vt
663 403 704 427 vix,
714 407 748 423 aut

161 439 188 452 ne
204 431 238 451 vix
254 431 336 458 quidem
370 430 450 451 ibernus
464 430 535 458 aliquis
548 430 677 451 mediocriter
691 431 747 451 diues

161 463 220 484 esset,
235 459 269 486 qui
278 465 348 483 vnum,
361 458 394 479 vel
408 458 476 486 plures
489 465 558 479 seruos
571 458 650 486 Anglos
662 466 704 479 non
714 459 748 479 ha-

161 487 225 512 beret,
241 487 306 507 donec
322 486 477 514 Episcoporum,
491 486 513 506 in
531 486 622 507 Concilio
638 486 748 507 Armacha-

162 522 196 540 no,
205 518 314 542 praecepto,
326 521 398 535 omnes
412 514 499 535 Hiberni
510 514 670 535 manumiserunt
679 522 748 535 seruos

162 550 209 563 suos
220 542 309 570 Anglos:
324 542 431 569 indignum
440 542 495 563 enim
505 542 619 563 iudicarunt
628 542 656 562 illi
665 550 748 563 venera-

162 570 212 591 biles
228 570 342 595 Antistites,
358 574 380 591 vt
398 570 505 591 Christiani
521 570 644 591 Christianos
660 570 751 598 captiuos

162 603 261 619 tenerent.
284 598 330 619 Nec
344 598 369 618 ab
383 598 418 618 illo
436 598 509 619 Christi
523 598 608 618 Domini
622 605 676 618 anno
690 600 748 619 1169.

162 634 225 654 vsque
234 626 259 647 ad
268 627 323 647 hunc
332 634 408 647 annum
420 627 477 647 1645.
488 626 509 647 in
533 633 560 647 uo
566 626 611 647 haec
620 626 692 652 scribo,
699 626 749 647 vidi-

162 662 213 680 mus,
227 658 262 675 aut
275 655 361 682 legimus
375 654 465 675 extitisse
478 654 499 675 in
511 634 610 675 Iflibernia
626 654 748 675 Christianos

162 683 259 710 captiuos,
268 690 306 703 nec
316 689 419 710 speramus
430 682 526 710 deinceps
537 682 614 703 futuros
626 689 674 703 esse.
697 682 750 703 Vide

162 710 286 731 Richardum
298 710 446 731 Stanihurstum
461 710 495 731 lib.
508 712 527 731 3.
537 710 564 731 de
576 710 650 731 rebus
644 717 665 730 m
675 710 750 731 Hiber-

162 738 196 759 nia
204 739 266 766 gestis
273 746 301 786 fia
301 746 319 766 g
330 740 374 759 109.
383 738 408 759 D.
416 737 498 759 Petrum
508 738 662 759 Lombnrdum'
657 745 678 758 in
689 738 749 758 Com-

162 767 262 814 nlientario
295 765 719 794 iberniaecap.17.pag.252.Sulleuanum‚
729 770 749 786 et

163 802 174 814 a
182 802 217 815 ios.

191 822 253 854 Agite
266 830 324 855 ergo
333 822 431 843 Catholici
447 821 540 848 Hiberni,
555 826 576 843 et
591 821 671 843 felicem
687 822 749 842 finem

163 850 262 878 imponite
270 850 332 878 operi,
341 850 396 882 quod
406 850 521 878 incaepistis,
530 854 551 871 et
560 850 624 870 nolite
633 850 705 870 timere
714 850 750 870 he-

163 879 236 899 reticos
244 878 374 903 aduersarios,
380 878 458 903 timete,
466 882 487 898 et
494 882 560 899 amate
568 878 643 903 Deum,
650 878 692 898 eius
699 885 751 905 prae-

202 910 222 926 ta
234 910 318 931 seruate,
331 910 352 927 et
361 906 423 927 fidem
433 906 542 931 defendite,
557 909 578 927 et
591 906 634 934 ipse
649 906 706 926 vobis
720 913 750 926 re-

163 914 237 954 trihuet
247 934 422 955 immarcesibilem
432 933 500 961 gloriae
510 941 613 959 coronam,
623 940 683 961 quarn
693 933 750 958 mihi,

163 966 184 983 et
193 962 250 983 vobis
259 966 354 990 praestare
364 962 463 990 dignetur.
494 962 568 983 Amen.

675 1041 752 1065 PER
