3456 4734
381 285 437 366 56

327 437 635 550 significatione,
652 435 720 520 ibi.
756 435 986 540 Bonaefidei
1004 447 1149 545 emptor
1166 465 1242 519 esse
1259 439 1420 537 violetur,
1447 441 1514 545 qui
1581 504 1584 510 .
1619 510 1627 534 ,

323 564 391 632 out
410 553 606 659 ignorauit
619 578 697 630 rem
716 549 882 629 alienam
901 576 988 648 esse,
999 561 1066 628 aut
1077 577 1173 649 eum,
1186 551 1251 657 qui
1265 552 1513 650 vendidimus

215 686 221 696 ·
314 665 471 771 putauit
483 663 669 744 uendendi
678 661 830 741 dobere:
841 674 882 740 et
893 658 1017 770 capsi
1033 657 1157 768 Virgo
1170 667 1224 743 34
1236 661 1460 769 quaestione
1472 667 1510 741 2.

321 774 389 855 ibi.
416 774 570 855 Tamdiu
584 773 779 881 quisquam
790 772 896 851 boare
895 772 998 877 fidei
1008 797 1195 878 possessor
1206 775 1406 853 rectissime
1418 766 1511 870 dict

322 898 399 985 tar,
416 887 586 992 quandiu
603 913 642 964 se
653 885 850 992 possidere
867 884 1023 991 ignorat
1042 883 1217 963 alienum.
1258 883 1416 966 Omitto
1436 883 1512 966 alia

324 996 409 1077 iura
427 994 634 1078 breuitatis
653 1023 781 1075 causa
800 1081 809 1095 ,

379 1109 433 1191 57
489 1105 625 1189 Tertia
683 1103 863 1187 conditio
911 1119 984 1188 est.
1044 1104 1203 1187 Titulus
1248 1105 1512 1217 probabiliter

325 1234 608 1330 praesumptus
627 1216 695 1327 qui
708 1238 846 1327 tamen
858 1245 976 1300 verus
991 1215 1112 1316 credi,
1132 1233 1174 1299 et
1184 1219 1375 1328 praesumi
1390 1218 1514 1309 debet

329 1332 377 1412 ab
399 1358 462 1430 e0‚
509 1329 550 1410 ui
569 1356 654 1411 rem
676 1356 726 1409 eo
745 1327 865 1409 titulo
883 1326 1075 1440 possidet.
1104 1327 1213 1410 Talis
1233 1330 1344 1412 enim
1373 1329 1515 1412 titulus

327 1359 587 1553 probabiliter
604 1454 875 1552 praesumptus
894 1439 1081 1522 transfert
1100 1467 1175 1521 vsu
1203 1442 1389 1553 capiendi
1418 1470 1515 1524 oon-

328 1551 526 1635 ditionem
560 1552 602 1632 in
632 1550 842 1633 hominem
871 1549 1085 1634 efficiendo
1113 1550 1228 1633 illum
1257 1552 1435 1635 habilem
1465 1555 1515 1635 ad

324 1662 667 1775 praescribendum
697 1678 812 1743 tanto
849 1677 932 1744 tem
965 1691 1048 1764 ore,
1094 1662 1320 1746 dummodo
1357 1683 1517 1748 caeterae

326 1774 581 1857 conditiones
609 1802 692 1855 non
721 1771 866 1855 desint
924 1693 1031 1856 ilem
1060 1775 1272 1886 exemplis,
1309 1776 1516 1888 titulisque

326 1885 512 1968 declaro:
539 1884 658 1967 multi
678 1884 786 1967 enim
799 1898 902 1969 ,sunt
919 1884 1027 1967 tituli
1045 1880 1372 1998 praescriptionis,
1390 1906 1434 1970 vt
1453 1919 1516 1972 so-

327 1996 506 2095 lutionis,
524 1995 756 2109 emptionis
773 1993 1033 2097 haereditatis,
1051 1997 1295 2098 donationis,
1322 1998 1517 2101 derelicti,

267 2185 269 2189 ,
328 2105 464 2218 legati,
483 2107 602 2208 dotis,
620 2107 694 2207 sui,
712 2109 783 2189 &c
814 2106 988 2219 Explico
1003 2109 1078 2189 hos
1098 2107 1247 2211 titulos.
1280 2109 1436 2192 Primus
1455 2141 1516 2194 er-

331 2248 385 2330 go
400 2219 540 2301 titulus
559 2233 631 2320 est,
645 2247 718 2330 pro
732 2217 880 2320 soluto,
893 2233 939 2300 vt
957 2220 990 2301 si
1005 2219 1105 2301 mihi
1121 2220 1339 2331 promisisti
1355 2251 1520 2333 equum,

329 2345 371 2412 et
389 2344 434 2412 vt
450 2329 594 2432 soluas,
622 2330 745 2412 tradis
764 2358 929 2442 equum,
957 2331 1025 2442 qui
1046 2359 1127 2412 non
1149 2349 1211 2414 est
1224 2348 1330 2433 tuus,
1349 2334 1419 2416 sed
1439 2365 1517 2446 ego

328 2441 536 2524 bonafide
555 2440 707 2525 credidi
727 2470 815 2526 esse
842 2457 973 2543 tuum,
1001 2457 1043 2525 et
1065 2471 1229 2554 possum
1259 2445 1519 2555 praescribere

327 2552 444 2635 illum
464 2553 583 2637 titulo
603 2582 676 2666 pro
695 2554 840 2636 soluto.
872 2553 1079 2636 Secundus
1097 2583 1172 2666 pro
1195 2570 1394 2667 emptore,
1422 2573 1466 2640 vt
1485 2560 1518 2639 si

329 2665 411 2749 emi
431 2693 517 2748 rem
537 2665 727 2760 furtiuam
756 2666 806 2748 ab
835 2693 900 2766 eo,
928 2694 1051 2776 quem
1079 2668 1272 2777 putabam
1302 2669 1518 2762 bonafide

328 2805 416 2860 esse
434 2805 575 2859 verum
594 2776 1100 2888 dominum,·praescribere
1117 2807 1284 2888 possum
1304 2779 1424 2862 titulo
1442 2810 1519 2892 pro

307 2903 523 2999 emptore.
563 2887 725 2972 Tertius
744 2917 819 3000 pro
838 2888 1015 2990 haerede,
1042 2903 1086 2970 vt
1106 2889 1269 2999 quando
1291 2892 1380 3001 quis
1403 2920 1519 2976 reue·

285 3087 289 3095 ,
327 3028 371 3081 ra
390 3000 518 3082 haeres
536 3028 620 3082 non
640 3013 714 3100 est,
742 2999 1007 3082 nihilominus
1035 3000 1158 3084 habet
1176 3002 1429 3114 probabilem
1457 3033 1519 3085 ra-

326 3110 496 3211 tionem,
515 3125 557 3194 et
576 3139 734 3193 causam
756 3110 1016 3194 existimandi
1032 3141 1075 3194 se
1087 3112 1291 3195 haeredem
1309 3143 1409 3214 esse,
1428 3115 1519 3198 talis

326 3224 585 3331 praescribere
605 3237 741 3334 potest
758 3251 834 3334 pro
852 3222 1026 3307 haerede.
1086 3223 1261 3318 Quartus
1289 3254 1364 3336 pro
1393 3225 1520 3310 dona·

327 3351 384 3435 to,
413 3350 456 3416 vt
475 3334 637 3445 quando
658 3333 746 3446 quis
765 3333 912 3446 accipit
930 3362 1015 3418 rem
1036 3333 1210 3446 aliquam
1231 3335 1306 3417 sibi
1326 3336 1519 3421 donatam

327 3445 378 3527 ab
399 3474 462 3547 eo,
490 3474 612 3556 quem
632 3447 741 3529 bona
758 3444 841 3529 fide
853 3445 1050 3536 ,credebat
1068 3476 1155 3530 esse
1174 3462 1294 3530 antea
1312 3450 1371 3532 rei
1394 3449 1521 3532 dona-

328 3572 382 3646 tae
401 3557 626 3650 dominum.
659 3557 834 3651 Quintus
853 3586 928 3669 pro
947 3557 1156 3660 derelict0,
1174 3573 1219 3640 vt
1238 3588 1331 3640 cum
1351 3590 1415 3644 res
1429 3590 1522 3644 mea

270 3724 272 3727 -
328 3668 557 3778 possidetur
585 3670 635 3752 ab
664 3669 757 3769 alio,
796 3670 863 3780 qui
905 3671 1119 3780 putabatur
1156 3698 1274 3752 verus
1302 3672 1520 3773 dominus;

331 3781 403 3862 sed
430 3781 481 3862 ab
512 3810 562 3864 eo
591 3779 783 3868 derelicta
801 3794 1024 3893 occupetur
1042 3782 1092 3864 ab
1113 3780 1207 3883 alio,
1234 3797 1276 3865 et
1302 3785 1413 3866 bona
1439 3785 1522 3870 fide

330 3892 610 3997 praescribitur.
670 3889 814 3974 Sextus
834 3921 908 4004 pro
936 3892 1085 4021 legato,
1112 3912 1157 3976 vt
1185 3893 1352 4003 quando.
1369 3895 1521 4008 aliquid
1654 3934 1658 3943 ·

332 4002 510 4114 legatum
531 4020 593 4089 est
611 4007 751 4095 aveto
770 4003 939 4090 domino
958 4033 1000 4086 m
1020 4019 1279 4107 testamento,
1311 4007 1438 4200 sedgn
1455 4038 1523 4201 clo-

1213 4149 1215 4152 ⁴
1411 4120 1462 4202 ici
1480 4121 1521 4206 lo
