3456 4734
350 339 353 352 ·
385 296 439 390 78
1064 387 1065 392 n

329 461 479 574 gurdus,
498 453 713 543 sedetiam
735 454 1173 571 Citharaedusprodijt3
1203 457 1358 544 nrdlam
1370 468 1528 543 vestem

327 573 389 655 bis
408 571 564 673 induit3
593 570 823 682 piscabatur
840 583 927 655 rete
945 571 1081 654 aureo.
1137 569 1380 682 Numquam
1400 570 1525 652 curri·

328 686 403 768 bus
422 683 557 766 miuus
576 682 690 766 mille
708 682 786 766 iter
810 680 920 783 fecit,
937 680 1057 764 soleis
1076 679 1242 792 quidem
1258 680 1464 765 mulorum
1485 694 1528 766 et

328 811 528 906 equorum
546 824 589 878 ar
617 791 759 878 euteis.
816 792 1005 876 Auiditas
1027 791 1143 875 luxui
1171 822 1255 906 par.
1315 792 1525 906 Stupenda
1671 825 1673 829 ⁴

326 904 395 988 illa
409 933 480 989 sua
493 933 575 989 vox
633 904 676 988 it
696 907 788 987 Hoc
788 906 986 1013 sudamus
998 933 1048 986 ue
1058 906 1360 1015 quisquicqaum
1372 906 1525 988 habeut.

324 1015 563 1101 Neroniana
577 1014 803 1100 Crudelitas
813 1015 913 1098 abiit
925 1015 965 1098 in
979 1015 1255 1129 prouerbium.
1274 1015 1519 1128 Agripinam

324 1143 511 1230 matrem,
550 1127 761 1211 Octauiam
802 1155 985 1230 vxorem‚
1021 1125 1122 1209 alios
1160 1128 1407 1239 cognatione
1444 1127 1522 1212 sibi
1625 1222 1627 1226 ,

353 1238 546 1340 roximos‚
564 1254 607 1324 et
627 1239 823 1323 Senecam
842 1252 1134 1368 praeceptorem
1155 1267 1287 1338 suum,
1305 1238 1522 1323 Lucanum
1619 1276 1621 1280 ·
1718 1333 1723 1343 ,

323 1269 507 1452 loetam,
548 1349 730 1461 aliosque
760 1351 911 1462 probos
944 1379 1052 1431 viros
1086 1351 1259 1433 necauit
1318 1346 1516 1461 Magnam

322 1463 429 1546 vrbis
448 1477 605 1574 partem
635 1461 831 1562 incendit,
858 1476 902 1546 et
919 1460 1095 1572 incendij
1126 1461 1287 1574 culpam
1312 1464 1526 1546 ¹transtulit-

197 1624 201 1632 ·
320 1572 363 1654 in
379 1574 641 1676 Christianos,
652 1603 755 1686 quos
767 1572 923 1684 primus
936 1572 1081 1655 Romae
1095 1572 1325 1657 insectatus.
1339 1570 1521 1675 Petmm,

170 1760 187 1802 γ,
320 1698 363 1767 et
396 1683 567 1769 Paulum
602 1684 899 1798 Apostolorum
939 1682 1147 1796 Principes
1179 1685 1302 1767 morti
1340 1685 1516 1769 tradidit

319 1793 412 1880 Nee
445 1796 576 1879 multo
607 1811 701 1907 post
738 1795 826 1908 ipse
864 1794 1101 1878 mortalibus
1139 1794 1518 1908 immortalibusque

318 1906 485 2009 inuisus,
505 1936 599 1991 cum
618 1911 643 1990 a
661 1924 817 2008 senatu,
844 1906 1081 2037 populoque
1109 1907 1300 1990 Romano
1320 1936 1518 2018 quaerere·

315 2034 381 2100 tur
399 2018 460 2103 ad.
470 2047 629 2119 necem,
647 2019 690 2102 in
710 2048 753 2104 se
768 2020 902 2132 ipsum
922 2019 1068 2131 impras
1088 2018 1229 2103 iniecit
1249 2046 1407 2121 manus,
1425 2020 1515 2104 offi-

316 2129 428 2214 cium
446 2131 643 2214 carnificis
662 2132 869 2216 exercens.
1426 2226 1429 2231 .

373 2243 535 2354 Sergius
568 2242 700 2326 Galba
729 2242 863 2325 Caesar
895 2243 945 2326 ab
979 2242 1161 2327 exercitu
1191 2259 1349 2327 creatus
1382 2243 1518 2330 Nero-

315 2354 358 2436 ni
379 2354 581 2438 successit.
641 2354 720 2439 Sed
739 2353 867 2437 nimia
885 2356 972 2438 eius
991 2355 1197 2456 seueritas,
1226 2369 1269 2438 et
1297 2355 1514 2441 crudelitas

313 2467 438 2551 breve
456 2465 554 2550 fecit
577 2466 805 2577 imperium.
862 2466 975 2548 Nam
1003 2464 1180 2549 Othonis
1205 2465 1328 2577 Syluij
1358 2468 1518 2580 insidijs·

312 2604 455 2662 mense
474 2578 609 2689 primo
629 2577 690 2659 sui
708 2577 959 2689 principatus
979 2576 1192 2688 iugulatur.

370 2689 481 2773 Otho
503 2687 674 2800 Syluius‚
701 2688 847 2771 iuuaso
860 2687 1054 2801 Imperio,
1072 2688 1182 2771 haud
1201 2689 1432 2774 diuturnior
1446 2721 1511 2792 ec,

206 2861 208 2870 ,
312 2829 436 2913 quem
456 2799 712 2902 substulerat,
734 2799 864 2885 Caesar
881 2799 970 2884 fuit
1021 2799 1223 2912 Quippea
1244 2801 1424 2903 Vitellio,
1442 2807 1512 2914 qui

309 2914 333 2994 a
373 2912 628 2995 Germanicis
665 2911 895 3021 legionibus
934 2911 1159 3023 Imperium
1193 2928 1419 3024 acceperat,
1458 2916 1510 2998 ad

311 3024 558 3108 Cremonam
589 3024 672 3107 leui
704 3022 843 3134 praelio
859 3023 1003 3106 ¹victus
1030 3021 1301 3106 voluntariam
1330 3041 1504 3112 mortem
1572 3064 1578 3076 ·

257 3157 259 3160 ·
309 3136 467 3248 opetijt‚
495 3165 539 3218 se
558 3134 738 3247 pugione
758 3133 1009 3218 confodiens.

365 3247 554 3331 Vitellius
600 3245 832 3360 pueritiam,
882 3247 1141 3359 primamque
1188 3246 1508 3336 adolescentiam

216 3400 219 3409 s
307 3359 414 3443 inter
433 3377 565 3442 scorta
585 3358 679 3471 egit.
740 3358 938 3470 Sequenti
966 3387 1131 3470 quoque
1158 3374 1288 3460 aetate,
1318 3360 1405 3470 alijs
1433 3362 1510 3443 cri·

306 3470 485 3553 minibus
523 3469 824 3553 contaminatus
862 3483 935 3553 est.
996 3470 1136 3554 Castra
1167 3469 1372 3581 ingressus
1403 3472 1507 3554 nihil

304 3581 493 3694 cuiquam
513 3580 699 3693 poscenti
717 3580 897 3693 negauit,
924 3594 968 3666 et
986 3580 1065 3664 reis
1083 3597 1218 3664 morte
1236 3581 1383 3693 dignis,
1411 3613 1506 3696 sup-

304 3694 426 3805 plicia
444 3693 609 3776 dimisit.
669 3692 805 3786 Quare
819 3692 888 3775 vix
907 3720 1050 3776 mense
1071 3702 1289 3795 transacto,
1318 3695 1452 3778 subito
1482 3699 1506 3777 a

180 3798 183 3803 ’
303 3804 502 3888 militibus
520 3808 743 3916 imperator
763 3818 826 3887 est
844 3803 1130 3887 consalutatus.
1182 3803 1359 3887 Centum
1384 3819 1427 3889 et
1444 3809 1504 3889 vi-

302 3917 419 4027 ginti,
458 3944 644 4027 quorum
664 3914 825 3999 libellos
865 3915 1022 3999 Othoni
1055 3914 1172 3999 datos
1206 3914 1421 4000 inuenerat
1449 3948 1502 4002 ex

301 4029 558 4140 poscentium
579 4026 757 4138 praemia,
776 4027 829 4111 ob
850 4025 1004 4112 editam
1024 4053 1190 4139 operam
1212 4026 1255 4109 in
1275 4026 1385 4114 caede
1411 4030 1516 4114 Ser-·

1443 4145 1498 4255 ai
