1054 1258
776 36 803 45 ,ιο

263 66 290 85 62
318 63 458 92 Excipiuntur,
472 68 548 85 tamem
563 64 641 92 pupilli,
655 64 689 92 qui
703 64 751 85 licet
762 64 828 85 homi-

236 99 272 113 nes
286 92 358 120 priuati
373 95 426 116 sunt,
439 91 494 112 nulla
508 95 578 112 contra
592 92 636 112 illos
650 92 709 112 datur
723 92 827 120 praescrip-

236 121 265 140 tio
275 120 387 144 mobilium,
401 119 432 140 vel
448 119 589 144 immobilium,
604 120 692 147 quaudiu
707 120 727 140 in
742 127 766 140 ea
780 124 827 140 sunt

235 152 300 169 aetate.
307 148 382 168 L.sx·cut
388 155 427 168 rem
433 149 451 168 3.
458 155 500 175 cap.
507 148 531 168 de
534 148 677 174 praescriptione
682 148 762 175 triginta
768 155 828 168 anno-

235 183 281 196 rum.
310 175 395 196 Factum
405 179 436 196 est
444 175 509 196 hocin
516 175 605 196 fauorem
615 176 718 203 pupillaris
726 176 797 200 aetatis,
806 180 827 196 et

235 207 302 224 status.
327 203 461 231 Excipiuntur
470 203 531 224 etiam
542 203 637 228 minores,
647 203 680 231 qni
690 204 781 224 nondum
792 203 827 224 ha-

236 232 285 252 bent
291 233 322 252 25.
331 238 394 251 annos
400 231 497 258 expletos.
508 231 533 251 L.
540 232 611 256 ultima,
618 238 660 258 cap.
667 232 687 251 in
693 232 759 258 quibus
766 233 827 252 causis

234 260 254 279 in
264 260 358 286 integrum
368 259 458 279 restitutio
467 259 572 279 necessaria
581 265 619 279 non
628 262 660 279 est.
688 259 715 279 Et
729 259 780 279 ratio
790 263 827 284 est,

234 287 280 314 quia
295 287 383 307 minores
398 294 439 307 non
454 286 481 307 ita
490 287 550 307 rebus
564 287 604 307 suis
617 291 702 314 possunt
716 287 827 314 inuigilare,

233 315 322 335 maxime
337 321 383 335 cum
397 314 592 335 administrationem
602 322 643 335 non
653 315 746 335 habeant

261 345 288 364 63
317 342 351 363 Ad
361 342 508 370 praescribenda
517 343 571 363 bona
580 342 691 363 immobilia
702 347 772 363 contra
787 342 826 363 Ec-

234 371 321 395 clesiam,
331 370 482 395 monasterium,
492 374 513 391 et
519 370 556 391 hos
572 370 625 395 itale,
634 370 722 398 aliasque
729 370 771 398 pias
779 378 825 391 cau-

234 406 264 419 sas
284 398 390 430 requiritur
408 401 489 426 tempus
508 405 547 425 qua
562 398 639 426 raginta
659 405 758 418 annorum
778 405 824 418 cum

233 433 367 454 possessione,
376 425 442 450 titulo,
449 430 469 446 et
476 426 529 446 bona
534 425 581 447 fide:
592 429 662 446 contra
669 426 783 446 Romanam
790 433 825 447 ve-

234 455 256 475 rs)
267 454 377 474 Ecclesiam
388 453 515 481 requiruntur
527 458 608 474 centum
623 454 677 478 anni,
691 454 776 474 habetur
790 461 825 474 au-

234 482 328 503 thentica.
353 481 417 508 (Quas
426 482 515 509 actiones)
526 489 569 514 cap.
579 482 605 502 de
615 482 744 502 sacrosanctis
755 481 825 502 Eccle-

236 511 274 536 sijs.
300 509 339 530 Vbi
352 513 392 530 tem
409 517 431 530 us
445 510 601 537 praescriptlonis
611 513 681 530 contra
690 509 776 537 reliquas
786 509 825 530 Ec-

234 537 310 562 clesias,
321 541 342 557 et
352 537 384 565 pia
402 544 438 557 oca.
447 538 573 565 restringitur
584 537 609 558 ad
619 537 750 565 quadraginta
760 545 823 558 annos

235 565 289 592 (cum
300 569 358 586 antea
368 569 421 585 esset
430 569 511 586 centum
522 572 622 585 annorum
634 569 655 585 vt
669 569 725 593 patet
739 572 765 585 ex
779 565 824 593 lege

234 598 255 613 vt
265 593 317 614 inter
326 593 425 618 diuinum,
439 600 485 620 quae
497 593 614 614 immediate
626 593 721 620 praecedit
728 593 742 621 ;)
757 596 778 613 et
787 593 824 613 soli

233 621 331 642 Ecclesiae
341 621 440 642 Romanae
448 621 500 642 inter
507 621 553 642 loca
559 621 599 650 pia,
607 621 736 649 priuilegium
742 624 824 642 centum

235 656 334 670 annorum
344 653 461 670 reseruatur.

260 678 287 698 64
312 677 345 697 Ad
355 677 525 705 praescribendum
535 681 605 698 contra
615 677 717 704 Regnum,
731 676 763 698 vel
770 677 825 704 prin-

234 706 301 732 cipem
319 705 427 732 requiritur
443 705 529 733 spatium
547 708 629 726 centum
648 711 754 729 annorum,
777 711 824 725 cum

233 733 367 760 possessione,
376 733 442 758 titulo,
451 736 472 753 et
481 733 535 753 bona
543 733 595 754 fide:
605 740 652 753 nam
660 733 685 753 ad
692 732 825 761 praescriben-

233 761 282 781 dum
293 766 362 781 contra
372 761 463 781 ciuitates
472 760 596 781 desideratur
605 764 692 788 tempus,
706 764 727 781 et
736 760 824 788 spatium

234 793 315 809 centum
322 795 426 809 annorum.
434 789 458 808 L.
464 789 567 815 vnica,cap
573 789 596 809 de
602 789 724 809 sacrosanctis
729 788 823 815 Ecclesijs;

233 824 281 843 ergo
288 816 379 837 similiter
386 816 411 836 ad
418 816 566 844 praescribenda
572 817 631 842 bona,
638 821 659 837 et
665 816 760 843 Regnum
768 815 824 836 Prin-

233 845 283 871 cipis
297 844 403 871 requiritur
417 848 495 864 tantum
510 844 613 872 temporis,
626 844 678 865 idest
692 848 774 865 centum
789 851 824 864 an-

235 879 313 892 norum.
338 872 390 895 Quia
400 872 453 892 bona
463 871 560 900 Principis
569 876 677 893 censentur
686 872 740 892 bona
750 871 824 899 Regni,

235 907 270 920 seu
280 900 408 927 principatus.
434 900 465 920 Sic
474 900 550 920 docent
565 900 708 920 Couarruuias:
722 900 750 920 ad
762 900 823 927 regul.

235 928 337 948 possessor:
338 931 396 954 parte
402 927 559 954 2.§.2.n‚9.citam
563 928 618 951 aliem
625 928 708 948 Aluarus
714 928 798 948 Vela-§cus
801 928 825 947 de

234 957 275 975 iure
285 956 429 983 Emphyteutico
435 963 452 983 q.
462 957 486 977 17
493 963 518 976 m,
526 957 556 976 12.
564 956 639 977 Melina
645 958 693 976 tmno
701 957 717 976 l.
725 956 749 976 de
754 956 825 1003 iuslssitia

790 989 824 1010 usp.
