<?xml version="1.0" encoding="UTF-8"?>
<!DOCTYPE html PUBLIC "-//W3C//DTD XHTML 1.0 Transitional//EN"
    "http://www.w3.org/TR/xhtml1/DTD/xhtml1-transitional.dtd">
<html xmlns="http://www.w3.org/1999/xhtml" xml:lang="en" lang="en">
 <head>
  <title>
</title>
<meta http-equiv="Content-Type" content="text/html;charset=utf-8" />
  <meta name='ocr-system' content='tesseract 3.04.00' />
  <meta name='ocr-capabilities' content='ocr_page ocr_carea ocr_par ocr_line ocrx_word'/>
</head>
<body>
  <div class='ocr_page' id='page_1' title='image "./disputatioapolo00omagoog_0056.png"; bbox 0 0 1054 1258; ppageno 0'>
   <div class='ocr_carea' id='block_1_1' title="bbox 773 36 797 50">
    <p class='ocr_par' dir='ltr' id='par_1_1' title="bbox 773 36 797 50">
     <span class='ocr_line' id='line_1_1' title="bbox 773 36 797 50; baseline 0.083 -2"><span class='ocrx_word' id='word_1_1' title='bbox 773 36 797 50; x_wconf 57' lang='lat' dir='ltr'><strong>ff!</strong></span> 
     </span>
    </p>
   </div>
   <div class='ocr_carea' id='block_1_2' title="bbox 232 67 826 1009">
    <p class='ocr_par' dir='ltr' id='par_1_2' title="bbox 233 67 826 542">
     <span class='ocr_line' id='line_1_2' title="bbox 233 67 825 96; baseline -0.002 -7"><span class='ocrx_word' id='word_1_2' title='bbox 233 69 340 89; x_wconf 88' lang='lat' dir='ltr'><strong>dominum</strong></span> <span class='ocrx_word' id='word_1_3' title='bbox 349 75 465 96; x_wconf 80' lang='lat' dir='ltr'>agnoscere,</span> <span class='ocrx_word' id='word_1_4' title='bbox 479 68 533 89; x_wconf 85' lang='lat' dir='ltr'><strong>Ecce</strong></span> <span class='ocrx_word' id='word_1_5' title='bbox 543 68 589 88; x_wconf 83' lang='lat' dir='ltr'><strong>duae</strong></span> <span class='ocrx_word' id='word_1_6' title='bbox 599 67 705 88; x_wconf 83' lang='lat' dir='ltr'><strong>Hiberniae</strong></span> <span class='ocrx_word' id='word_1_7' title='bbox 714 68 825 96; x_wconf 80' lang='lat' dir='ltr'>portiones,</span> 
     </span>
     <span class='ocr_line' id='line_1_3' title="bbox 234 95 826 124; baseline -0.002 -7"><span class='ocrx_word' id='word_1_8' title='bbox 234 97 266 117; x_wconf 86' lang='lat' dir='ltr'><strong>vel</strong></span> <span class='ocrx_word' id='word_1_9' title='bbox 274 97 391 124; x_wconf 86' lang='lat' dir='ltr'><strong>prouinciae,</strong></span> <span class='ocrx_word' id='word_1_10' title='bbox 397 96 474 117; x_wconf 76' lang='lat' dir='ltr'><strong>vltonia</strong></span> <span class='ocrx_word' id='word_1_11' title='bbox 481 96 563 120; x_wconf 84' lang='lat' dir='ltr'><strong>scilicet,</strong></span> <span class='ocrx_word' id='word_1_12' title='bbox 571 99 592 117; x_wconf 81' lang='lat' dir='ltr'><strong>et</strong></span> <span class='ocrx_word' id='word_1_13' title='bbox 599 95 689 121; x_wconf 78' lang='lat' dir='ltr'><strong>Conatia,</strong></span> <span class='ocrx_word' id='word_1_14' title='bbox 696 103 742 124; x_wconf 84' lang='lat' dir='ltr'><strong>quae</strong></span> <span class='ocrx_word' id='word_1_15' title='bbox 750 95 826 117; x_wconf 89' lang='lat' dir='ltr'><strong>Henri-</strong></span> 
     </span>
     <span class='ocr_line' id='line_1_4' title="bbox 235 124 825 145; baseline -0.002 0"><span class='ocrx_word' id='word_1_16' title='bbox 235 132 281 145; x_wconf 86' lang='lat' dir='ltr'><strong>cum</strong></span> <span class='ocrx_word' id='word_1_17' title='bbox 296 124 336 145; x_wconf 88' lang='lat' dir='ltr'><strong>reci</strong></span> <span class='ocrx_word' id='word_1_18' title='bbox 352 132 386 145; x_wconf 86' lang='lat' dir='ltr'><strong>ere</strong></span> <span class='ocrx_word' id='word_1_19' title='bbox 400 124 514 145; x_wconf 78' lang='lat' dir='ltr'><strong>noluerunt.</strong></span> <span class='ocrx_word' id='word_1_20' title='bbox 536 124 653 144; x_wconf 81' lang='lat' dir='ltr'><strong>Sulleuanus</strong></span> <span class='ocrx_word' id='word_1_21' title='bbox 668 124 729 144; x_wconf 79' lang='lat' dir='ltr'><strong>etiam</strong></span> <span class='ocrx_word' id='word_1_22' title='bbox 739 128 796 144; x_wconf 81' lang='lat' dir='ltr'><strong>tomo</strong></span> <span class='ocrx_word' id='word_1_23' title='bbox 806 126 825 144; x_wconf 74' lang='lat'><strong>2.</strong></span> 
     </span>
     <span class='ocr_line' id='line_1_5' title="bbox 234 151 824 179; baseline 0 -7"><span class='ocrx_word' id='word_1_24' title='bbox 234 152 323 172; x_wconf 84' lang='lat' dir='ltr'><strong>historiae</strong></span> <span class='ocrx_word' id='word_1_25' title='bbox 359 152 440 173; x_wconf 81' lang='lat' dir='ltr'><strong>tholicae</strong></span> <span class='ocrx_word' id='word_1_26' title='bbox 446 152 498 172; x_wconf 91' lang='lat' dir='ltr'><strong>libro</strong></span> <span class='ocrx_word' id='word_1_27' title='bbox 507 154 523 172; x_wconf 93' lang='lat' dir='ltr'><strong>l.</strong></span> <span class='ocrx_word' id='word_1_28' title='bbox 531 159 573 179; x_wconf 86' lang='lat' dir='ltr'><strong>cap.</strong></span> <span class='ocrx_word' id='word_1_29' title='bbox 580 153 599 172; x_wconf 67' lang='lat'><strong>5,</strong></span> <span class='ocrx_word' id='word_1_30' title='bbox 605 151 655 172; x_wconf 80' lang='lat' dir='ltr'><strong>dicit</strong></span> <span class='ocrx_word' id='word_1_31' title='bbox 661 151 775 172; x_wconf 87' lang='lat' dir='ltr'><strong>Henricum</strong></span> <span class='ocrx_word' id='word_1_32' title='bbox 783 159 824 172; x_wconf 91' lang='lat' dir='ltr'><strong>non</strong></span> 
     </span>
     <span class='ocr_line' id='line_1_6' title="bbox 234 180 825 207; baseline 0 -7"><span class='ocrx_word' id='word_1_33' title='bbox 234 180 295 201; x_wconf 80' lang='lat' dir='ltr'><strong>fuisse</strong></span> <span class='ocrx_word' id='word_1_34' title='bbox 302 188 348 201; x_wconf 84' lang='lat' dir='ltr'><strong>rece</strong></span> <span class='ocrx_word' id='word_1_35' title='bbox 363 184 407 200; x_wconf 84' lang='lat' dir='ltr'><strong>tum</strong></span> <span class='ocrx_word' id='word_1_36' title='bbox 414 184 436 200; x_wconf 91' lang='lat' dir='ltr'><strong>vt</strong></span> <span class='ocrx_word' id='word_1_37' title='bbox 444 180 563 205; x_wconf 86' lang='lat' dir='ltr'><strong>Dominum,</strong></span> <span class='ocrx_word' id='word_1_38' title='bbox 570 183 605 200; x_wconf 88' lang='lat' dir='ltr'><strong>aut</strong></span> <span class='ocrx_word' id='word_1_39' title='bbox 613 180 698 207; x_wconf 80' lang='lat' dir='ltr'><strong>Regem,</strong></span> <span class='ocrx_word' id='word_1_40' title='bbox 706 180 741 200; x_wconf 84' lang='lat' dir='ltr'><strong>sed</strong></span> <span class='ocrx_word' id='word_1_41' title='bbox 748 183 769 200; x_wconf 88' lang='lat' dir='ltr'><strong>vt</strong></span> <span class='ocrx_word' id='word_1_42' title='bbox 775 187 825 207; x_wconf 81' lang='lat' dir='ltr'><strong>prae-</strong></span> 
     </span>
     <span class='ocr_line' id='line_1_7' title="bbox 234 207 825 233; baseline -0.002 -5"><span class='ocrx_word' id='word_1_43' title='bbox 234 208 316 233; x_wconf 82' lang='lat' dir='ltr'><strong>fectum,</strong></span> <span class='ocrx_word' id='word_1_44' title='bbox 326 215 350 229; x_wconf 93' lang='lat' dir='ltr'><strong>ve</strong></span> <span class='ocrx_word' id='word_1_45' title='bbox 369 208 535 228; x_wconf 82' lang='lat' dir='ltr'><strong>Commissarium</strong></span> <span class='ocrx_word' id='word_1_46' title='bbox 545 208 557 228; x_wconf 72' lang='grc' dir='ltr'><strong>ἴι</strong></span> <span class='ocrx_word' id='word_1_47' title='bbox 566 207 664 228; x_wconf 79' lang='lat' dir='ltr'><strong>Pontifice</strong></span> <span class='ocrx_word' id='word_1_48' title='bbox 674 208 764 228; x_wconf 85' lang='lat' dir='ltr'><strong>missum.</strong></span> <span class='ocrx_word' id='word_1_49' title='bbox 787 208 825 228; x_wconf 85' lang='lat' dir='ltr'><strong>Ar—</strong></span> 
     </span>
     <span class='ocr_line' id='line_1_8' title="bbox 233 235 825 264; baseline -0.002 -8"><span class='ocrx_word' id='word_1_50' title='bbox 233 236 374 264; x_wconf 88' lang='lat' dir='ltr'><strong>chiepiscopus</strong></span> <span class='ocrx_word' id='word_1_51' title='bbox 388 236 516 256; x_wconf 81' lang='lat' dir='ltr'><strong>Lombardus</strong></span> <span class='ocrx_word' id='word_1_52' title='bbox 531 236 603 256; x_wconf 83' lang='lat' dir='ltr'><strong>citatus</strong></span> <span class='ocrx_word' id='word_1_53' title='bbox 617 235 638 255; x_wconf 89' lang='lat' dir='ltr'><strong>in</strong></span> <span class='ocrx_word' id='word_1_54' title='bbox 652 236 798 256; x_wconf 81' lang='lat' dir='ltr'><strong>commentario</strong></span> <span class='ocrx_word' id='word_1_55' title='bbox 809 243 825 256; x_wconf 82' lang='lat' dir='ltr'><strong>c.</strong></span> 
     </span>
     <span class='ocr_line' id='line_1_9' title="bbox 236 263 825 291; baseline 0 -8"><span class='ocrx_word' id='word_1_56' title='bbox 236 265 266 284; x_wconf 89' lang='lat'><strong>17.</strong></span> <span class='ocrx_word' id='word_1_57' title='bbox 274 271 319 291; x_wconf 80' lang='lat' dir='ltr'><strong>pag.</strong></span> <span class='ocrx_word' id='word_1_58' title='bbox 327 265 373 284; x_wconf 75' lang='lat'><strong>253.</strong></span> <span class='ocrx_word' id='word_1_59' title='bbox 381 264 408 284; x_wconf 79' lang='lat' dir='ltr'><strong>ait</strong></span> <span class='ocrx_word' id='word_1_60' title='bbox 418 263 522 284; x_wconf 76' lang='lat' dir='ltr'><strong>Hibernos</strong></span> <span class='ocrx_word' id='word_1_61' title='bbox 529 263 606 291; x_wconf 87' lang='lat' dir='ltr'><strong>aliquos</strong></span> <span class='ocrx_word' id='word_1_62' title='bbox 616 263 636 283; x_wconf 90' lang='lat' dir='ltr'><strong>vi</strong></span> <span class='ocrx_word' id='word_1_63' title='bbox 646 263 745 288; x_wconf 79' lang='lat' dir='ltr'><strong>subactos,</strong></span> <span class='ocrx_word' id='word_1_64' title='bbox 755 267 775 284; x_wconf 84' lang='lat' dir='ltr'><strong>et</strong></span> <span class='ocrx_word' id='word_1_65' title='bbox 783 271 825 284; x_wconf 84' lang='lat' dir='ltr'><strong>me-</strong></span> 
     </span>
     <span class='ocr_line' id='line_1_10' title="bbox 233 291 825 319; baseline -0.002 -7"><span class='ocrx_word' id='word_1_66' title='bbox 233 295 255 312; x_wconf 81' lang='lat' dir='ltr'><strong>tu</strong></span> <span class='ocrx_word' id='word_1_67' title='bbox 265 296 346 312; x_wconf 78' lang='lat' dir='ltr'><strong>coactos</strong></span> <span class='ocrx_word' id='word_1_68' title='bbox 357 291 470 312; x_wconf 78' lang='lat' dir='ltr'><strong>Henricum</strong></span> <span class='ocrx_word' id='word_1_69' title='bbox 486 292 602 319; x_wconf 82' lang='lat' dir='ltr'>suscepisse.</span> <span class='ocrx_word' id='word_1_70' title='bbox 628 291 721 318; x_wconf 88' lang='lat' dir='ltr'><strong>Denique</strong></span> <span class='ocrx_word' id='word_1_71' title='bbox 731 298 825 319; x_wconf 77' lang='lat' dir='ltr'><strong>procura-</strong></span> 
     </span>
     <span class='ocr_line' id='line_1_11' title="bbox 234 319 826 347; baseline -0.002 -7"><span class='ocrx_word' id='word_1_72' title='bbox 234 324 266 340; x_wconf 85' lang='lat' dir='ltr'><strong>tor</strong></span> <span class='ocrx_word' id='word_1_73' title='bbox 276 319 338 347; x_wconf 81' lang='lat' dir='ltr'><strong>Regis</strong></span> <span class='ocrx_word' id='word_1_74' title='bbox 349 319 416 340; x_wconf 84' lang='lat' dir='ltr'><strong>Iacobi</strong></span> <span class='ocrx_word' id='word_1_75' title='bbox 427 320 447 340; x_wconf 88' lang='lat' dir='ltr'><strong>in</strong></span> <span class='ocrx_word' id='word_1_76' title='bbox 456 319 555 340; x_wconf 83' lang='lat' dir='ltr'><strong>Hibernia</strong></span> <span class='ocrx_word' id='word_1_77' title='bbox 565 319 585 339; x_wconf 93' lang='lat' dir='ltr'><strong>in</strong></span> <span class='ocrx_word' id='word_1_78' title='bbox 594 319 628 339; x_wconf 89' lang='lat' dir='ltr'><strong>illo</strong></span> <span class='ocrx_word' id='word_1_79' title='bbox 638 319 696 343; x_wconf 89' lang='lat' dir='ltr'><strong>libro,</strong></span> <span class='ocrx_word' id='word_1_80' title='bbox 705 326 766 346; x_wconf 87' lang='lat' dir='ltr'><strong>quem</strong></span> <span class='ocrx_word' id='word_1_81' title='bbox 774 327 826 346; x_wconf 73' lang='lat' dir='ltr'><strong>prae-</strong></span> 
     </span>
     <span class='ocr_line' id='line_1_12' title="bbox 234 347 825 374; baseline 0 -7"><span class='ocrx_word' id='word_1_82' title='bbox 234 347 254 367; x_wconf 87' lang='lat' dir='ltr'><strong>lo</strong></span> <span class='ocrx_word' id='word_1_83' title='bbox 262 347 367 368; x_wconf 81' lang='lat' dir='ltr'><strong>mandauit</strong></span> <span class='ocrx_word' id='word_1_84' title='bbox 374 354 428 367; x_wconf 79' lang='lat' dir='ltr'><strong>anno</strong></span> <span class='ocrx_word' id='word_1_85' title='bbox 437 348 495 368; x_wconf 77' lang='lat'>1612.</span> <span class='ocrx_word' id='word_1_86' title='bbox 506 347 579 368; x_wconf 76' lang='lat' dir='ltr'><strong>fatetur</strong></span> <span class='ocrx_word' id='word_1_87' title='bbox 588 353 693 374; x_wconf 81' lang='lat' dir='ltr'><strong>nunquam</strong></span> <span class='ocrx_word' id='word_1_88' title='bbox 704 347 825 367; x_wconf 85' lang='lat' dir='ltr'><strong>Hiberniam</strong></span> 
     </span>
     <span class='ocr_line' id='line_1_13' title="bbox 235 374 825 402; baseline 0 -7"><span class='ocrx_word' id='word_1_89' title='bbox 235 379 299 395; x_wconf 85' lang='lat' dir='ltr'><strong>totam</strong></span> <span class='ocrx_word' id='word_1_90' title='bbox 316 375 377 396; x_wconf 82' lang='lat' dir='ltr'><strong>fuisse</strong></span> <span class='ocrx_word' id='word_1_91' title='bbox 394 375 505 396; x_wconf 77' lang='lat' dir='ltr'><strong>subiectam</strong></span> <span class='ocrx_word' id='word_1_92' title='bbox 522 375 612 402; x_wconf 80' lang='lat' dir='ltr'><strong>Regibus</strong></span> <span class='ocrx_word' id='word_1_93' title='bbox 629 374 711 401; x_wconf 78' lang='lat' dir='ltr'><strong>Angliae</strong></span> <span class='ocrx_word' id='word_1_94' title='bbox 725 382 788 402; x_wconf 87' lang='lat' dir='ltr'><strong>vsque</strong></span> <span class='ocrx_word' id='word_1_95' title='bbox 800 375 825 395; x_wconf 85' lang='lat' dir='ltr'><strong>ad</strong></span> 
     </span>
     <span class='ocr_line' id='line_1_14' title="bbox 234 403 824 431; baseline 0 -8"><span class='ocrx_word' id='word_1_96' title='bbox 234 403 338 428; x_wconf 80' lang='lat' dir='ltr'><strong>Iacobum,</strong></span> <span class='ocrx_word' id='word_1_97' title='bbox 348 403 382 430; x_wconf 91' lang='lat' dir='ltr'><strong>qui</strong></span> <span class='ocrx_word' id='word_1_98' title='bbox 392 403 453 431; x_wconf 84' lang='lat' dir='ltr'><strong>caepit</strong></span> <span class='ocrx_word' id='word_1_99' title='bbox 465 410 551 430; x_wconf 76' lang='lat' dir='ltr'><strong>regnare</strong></span> <span class='ocrx_word' id='word_1_100' title='bbox 560 403 581 423; x_wconf 88' lang='lat' dir='ltr'><strong>in</strong></span> <span class='ocrx_word' id='word_1_101' title='bbox 593 403 667 430; x_wconf 78' lang='lat' dir='ltr'><strong>Anglia</strong></span> <span class='ocrx_word' id='word_1_102' title='bbox 676 407 723 430; x_wconf 87' lang='lat' dir='ltr'><strong>post</strong></span> <span class='ocrx_word' id='word_1_103' title='bbox 737 407 824 423; x_wconf 77' lang='lat' dir='ltr'><strong>mortem</strong></span> 
     </span>
     <span class='ocr_line' id='line_1_15' title="bbox 236 430 825 451; baseline 0 0"><span class='ocrx_word' id='word_1_104' title='bbox 236 431 343 451; x_wconf 80' lang='lat' dir='ltr'><strong>Elisabetae</strong></span> <span class='ocrx_word' id='word_1_105' title='bbox 354 431 405 451; x_wconf 83' lang='lat' dir='ltr'><strong>circa</strong></span> <span class='ocrx_word' id='word_1_106' title='bbox 415 438 491 451; x_wconf 85' lang='lat' dir='ltr'><strong>annum</strong></span> <span class='ocrx_word' id='word_1_107' title='bbox 499 430 584 451; x_wconf 88' lang='lat' dir='ltr'><strong>Domini</strong></span> <span class='ocrx_word' id='word_1_108' title='bbox 596 432 654 451; x_wconf 82' lang='lat'>1603-</span> <span class='ocrx_word' id='word_1_109' title='bbox 665 435 686 451; x_wconf 84' lang='lat' dir='ltr'><strong>et</strong></span> <span class='ocrx_word' id='word_1_110' title='bbox 695 434 787 451; x_wconf 88' lang='lat' dir='ltr'><strong>mortuus</strong></span> <span class='ocrx_word' id='word_1_111' title='bbox 795 435 825 451; x_wconf 86' lang='lat' dir='ltr'><strong>est</strong></span> 
     </span>
     <span class='ocr_line' id='line_1_16' title="bbox 233 458 825 486; baseline 0 -8"><span class='ocrx_word' id='word_1_112' title='bbox 233 466 287 478; x_wconf 75' lang='lat' dir='ltr'><strong>anno</strong></span> <span class='ocrx_word' id='word_1_113' title='bbox 297 460 356 479; x_wconf 77' lang='lat'>1625.</span> <span class='ocrx_word' id='word_1_114' title='bbox 367 458 427 479; x_wconf 85' lang='lat' dir='ltr'><strong>Vnde</strong></span> <span class='ocrx_word' id='word_1_115' title='bbox 434 458 485 479; x_wconf 87' lang='lat' dir='ltr'><strong>nihil</strong></span> <span class='ocrx_word' id='word_1_116' title='bbox 492 458 545 479; x_wconf 83' lang='lat' dir='ltr'><strong>valet</strong></span> <span class='ocrx_word' id='word_1_117' title='bbox 551 458 710 479; x_wconf 79' lang='lat' dir='ltr'><strong>aduersariorum</strong></span> <span class='ocrx_word' id='word_1_118' title='bbox 718 465 825 486; x_wconf 77' lang='lat' dir='ltr'><strong>argumen-</strong></span> 
     </span>
     <span class='ocr_line' id='line_1_17' title="bbox 233 486 825 514; baseline 0 -8"><span class='ocrx_word' id='word_1_119' title='bbox 233 491 276 506; x_wconf 88' lang='lat' dir='ltr'><strong>tum</strong></span> <span class='ocrx_word' id='word_1_120' title='bbox 290 490 389 514; x_wconf 80' lang='lat' dir='ltr'><strong>quatenus</strong></span> <span class='ocrx_word' id='word_1_121' title='bbox 405 486 493 507; x_wconf 83' lang='lat' dir='ltr'><strong>intendit</strong></span> <span class='ocrx_word' id='word_1_122' title='bbox 512 487 598 513; x_wconf 79' lang='lat' dir='ltr'><strong>probare</strong></span> <span class='ocrx_word' id='word_1_123' title='bbox 617 486 730 507; x_wconf 83' lang='lat' dir='ltr'><strong>Henricum</strong></span> <span class='ocrx_word' id='word_1_124' title='bbox 751 487 825 507; x_wconf 84' lang='lat' dir='ltr'><strong>Secun-</strong></span> 
     </span>
     <span class='ocr_line' id='line_1_18' title="bbox 233 514 825 542; baseline 0.002 -9"><span class='ocrx_word' id='word_1_125' title='bbox 233 514 282 534; x_wconf 90' lang='lat' dir='ltr'><strong>dum</strong></span> <span class='ocrx_word' id='word_1_126' title='bbox 292 515 352 535; x_wconf 79' lang='lat' dir='ltr'><strong>fuisse</strong></span> <span class='ocrx_word' id='word_1_127' title='bbox 362 522 408 535; x_wconf 87' lang='lat' dir='ltr'><strong>rece</strong></span> <span class='ocrx_word' id='word_1_128' title='bbox 424 518 467 535; x_wconf 78' lang='lat' dir='ltr'><strong>tum</strong></span> <span class='ocrx_word' id='word_1_129' title='bbox 477 518 580 542; x_wconf 76' lang='lat' dir='ltr'><strong>tamquam</strong></span> <span class='ocrx_word' id='word_1_130' title='bbox 588 514 673 542; x_wconf 84' lang='lat' dir='ltr'><strong>Regem,</strong></span> <span class='ocrx_word' id='word_1_131' title='bbox 683 518 704 534; x_wconf 76' lang='lat' dir='ltr'><strong>et</strong></span> <span class='ocrx_word' id='word_1_132' title='bbox 712 514 825 534; x_wconf 89' lang='lat' dir='ltr'><strong>Dominum</strong></span> 
     </span>
    </p>

    <p class='ocr_par' dir='ltr' id='par_1_3' title="bbox 232 522 826 1009">
     <span class='ocr_line' id='line_1_19' title="bbox 233 522 627 570; baseline 0.003 -9"><span class='ocrx_word' id='word_1_133' title='bbox 233 543 244 561; x_wconf 69' lang='grc' dir='ltr'>ὲ</span> <span class='ocrx_word' id='word_1_134' title='bbox 254 542 317 563; x_wconf 83' lang='lat' dir='ltr'><strong>tribus</strong></span> <span class='ocrx_word' id='word_1_135' title='bbox 328 542 394 570; x_wconf 83' lang='lat' dir='ltr'><strong>Regni</strong></span> <span class='ocrx_word' id='word_1_136' title='bbox 403 522 508 563; x_wconf 56' lang='lat' dir='ltr'><strong>lgiberniae</strong></span> <span class='ocrx_word' id='word_1_137' title='bbox 518 542 627 562; x_wconf 89' lang='lat' dir='ltr'><strong>ordinibus.</strong></span> 
     </span>
     <span class='ocr_line' id='line_1_20' title="bbox 259 569 825 598; baseline 0 -8"><span class='ocrx_word' id='word_1_138' title='bbox 259 571 285 590; x_wconf 64' lang='lat'><strong>4⁵⁴</strong></span> <span class='ocrx_word' id='word_1_139' title='bbox 306 570 430 598; x_wconf 84' lang='lat' dir='ltr'><strong>Respondeo</strong></span> <span class='ocrx_word' id='word_1_140' title='bbox 446 570 535 591; x_wconf 90' lang='lat' dir='ltr'><strong>secundo</strong></span> <span class='ocrx_word' id='word_1_141' title='bbox 551 569 612 595; x_wconf 85' lang='lat' dir='ltr'><strong>Dato,</strong></span> <span class='ocrx_word' id='word_1_142' title='bbox 627 574 648 590; x_wconf 88' lang='lat' dir='ltr'><strong>et</strong></span> <span class='ocrx_word' id='word_1_143' title='bbox 664 577 706 590; x_wconf 91' lang='lat' dir='ltr'><strong>non</strong></span> <span class='ocrx_word' id='word_1_144' title='bbox 722 577 825 595; x_wconf 85' lang='lat' dir='ltr'><strong>concesso,</strong></span> 
     </span>
     <span class='ocr_line' id='line_1_21' title="bbox 234 597 825 627; baseline 0.002 -10"><span class='ocrx_word' id='word_1_145' title='bbox 234 597 288 625; x_wconf 89' lang='lat' dir='ltr'><strong>qnod</strong></span> <span class='ocrx_word' id='word_1_146' title='bbox 299 597 401 618; x_wconf 90' lang='lat' dir='ltr'><strong>Henricus</strong></span> <span class='ocrx_word' id='word_1_147' title='bbox 411 598 445 619; x_wconf 89' lang='lat' dir='ltr'><strong>ille</strong></span> <span class='ocrx_word' id='word_1_148' title='bbox 455 598 525 619; x_wconf 82' lang='lat' dir='ltr'><strong>fuisset</strong></span> <span class='ocrx_word' id='word_1_149' title='bbox 538 602 637 627; x_wconf 79' lang='lat' dir='ltr'><strong>receptus,</strong></span> <span class='ocrx_word' id='word_1_150' title='bbox 650 598 795 623; x_wconf 79' lang='lat' dir='ltr'><strong>conclamatus,</strong></span> <span class='ocrx_word' id='word_1_151' title='bbox 805 602 825 618; x_wconf 83' lang='lat' dir='ltr'><strong>et</strong></span> 
     </span>
     <span class='ocr_line' id='line_1_22' title="bbox 234 625 825 654; baseline 0 -8"><span class='ocrx_word' id='word_1_152' title='bbox 234 626 370 646; x_wconf 69' lang='lat' dir='ltr'><strong>consalutatus</strong></span> <span class='ocrx_word' id='word_1_153' title='bbox 384 626 409 647; x_wconf 78' lang='lat' dir='ltr'><strong>ab</strong></span> <span class='ocrx_word' id='word_1_154' title='bbox 423 626 517 647; x_wconf 85' lang='lat' dir='ltr'><strong>omnibus</strong></span> <span class='ocrx_word' id='word_1_155' title='bbox 533 625 600 654; x_wconf 81' lang='lat' dir='ltr'><strong>Regni</strong></span> <span class='ocrx_word' id='word_1_156' title='bbox 614 626 725 652; x_wconf 84' lang='lat' dir='ltr'><strong>ordinibus,</strong></span> <span class='ocrx_word' id='word_1_157' title='bbox 735 626 785 647; x_wconf 86' lang='lat' dir='ltr'><strong>nihil</strong></span> <span class='ocrx_word' id='word_1_158' title='bbox 795 626 825 646; x_wconf 90' lang='lat' dir='ltr'><strong>in—</strong></span> 
     </span>
     <span class='ocr_line' id='line_1_23' title="bbox 233 654 826 682; baseline 0.002 -9"><span class='ocrx_word' id='word_1_159' title='bbox 233 654 259 674; x_wconf 84' lang='lat' dir='ltr'><strong>de</strong></span> <span class='ocrx_word' id='word_1_160' title='bbox 269 654 346 682; x_wconf 77' lang='lat' dir='ltr'><strong>colligit</strong></span> <span class='ocrx_word' id='word_1_161' title='bbox 360 654 520 675; x_wconf 82' lang='lat' dir='ltr'><strong>aduersariorum</strong></span> <span class='ocrx_word' id='word_1_162' title='bbox 535 654 630 679; x_wconf 78' lang='lat' dir='ltr'><strong>obiectio,</strong></span> <span class='ocrx_word' id='word_1_163' title='bbox 645 661 691 675; x_wconf 88' lang='lat' dir='ltr'><strong>cum</strong></span> <span class='ocrx_word' id='word_1_164' title='bbox 704 658 784 674; x_wconf 76' lang='lat' dir='ltr'><strong>constet</strong></span> <span class='ocrx_word' id='word_1_165' title='bbox 793 662 826 674; x_wconf 83' lang='lat' dir='ltr'><strong>or-</strong></span> 
     </span>
     <span class='ocr_line' id='line_1_24' title="bbox 232 681 825 710; baseline 0.002 -9"><span class='ocrx_word' id='word_1_166' title='bbox 232 681 289 702; x_wconf 83' lang='lat' dir='ltr'><strong>dines</strong></span> <span class='ocrx_word' id='word_1_167' title='bbox 300 682 367 710; x_wconf 82' lang='lat' dir='ltr'><strong>Regni</strong></span> <span class='ocrx_word' id='word_1_168' title='bbox 375 686 455 702; x_wconf 82' lang='lat' dir='ltr'><strong>coactos</strong></span> <span class='ocrx_word' id='word_1_169' title='bbox 464 682 525 703; x_wconf 80' lang='lat' dir='ltr'><strong>fuisse</strong></span> <span class='ocrx_word' id='word_1_170' title='bbox 534 682 590 710; x_wconf 85' lang='lat' dir='ltr'><strong>graui</strong></span> <span class='ocrx_word' id='word_1_171' title='bbox 600 686 657 703; x_wconf 82' lang='lat' dir='ltr'><strong>metu</strong></span> <span class='ocrx_word' id='word_1_172' title='bbox 673 682 698 702; x_wconf 81' lang='lat' dir='ltr'><strong>ad</strong></span> <span class='ocrx_word' id='word_1_173' title='bbox 714 689 762 702; x_wconf 88' lang='lat' dir='ltr'><strong>eum</strong></span> <span class='ocrx_word' id='word_1_174' title='bbox 776 682 825 702; x_wconf 87' lang='lat' dir='ltr'><strong>reci-</strong></span> 
     </span>
     <span class='ocr_line' id='line_1_25' title="bbox 233 709 825 738; baseline 0 -8"><span class='ocrx_word' id='word_1_175' title='bbox 233 709 338 736; x_wconf 85' lang='lat' dir='ltr'><strong>piendum,</strong></span> <span class='ocrx_word' id='word_1_176' title='bbox 351 717 399 730; x_wconf 77' lang='lat' dir='ltr'><strong>nam</strong></span> <span class='ocrx_word' id='word_1_177' title='bbox 414 710 516 731; x_wconf 84' lang='lat' dir='ltr'><strong>Henricus</strong></span> <span class='ocrx_word' id='word_1_178' title='bbox 526 710 632 738; x_wconf 75' lang='lat' dir='ltr'><strong>ingentem</strong></span> <span class='ocrx_word' id='word_1_179' title='bbox 642 710 726 730; x_wconf 76' lang='lat' dir='ltr'><strong>classem</strong></span> <span class='ocrx_word' id='word_1_180' title='bbox 741 710 825 737; x_wconf 82' lang='lat' dir='ltr'><strong>quadra-</strong></span> 
     </span>
     <span class='ocr_line' id='line_1_26' title="bbox 233 737 826 766; baseline 0.002 -9"><span class='ocrx_word' id='word_1_181' title='bbox 233 738 289 764; x_wconf 78' lang='lat' dir='ltr'><strong>ginta</strong></span> <span class='ocrx_word' id='word_1_182' title='bbox 304 737 462 765; x_wconf 80' lang='lat' dir='ltr'><strong>Myoparonum,</strong></span> <span class='ocrx_word' id='word_1_183' title='bbox 476 746 512 759; x_wconf 89' lang='lat' dir='ltr'><strong>seu</strong></span> <span class='ocrx_word' id='word_1_184' title='bbox 526 745 645 766; x_wconf 73' lang='lat' dir='ltr'><strong>magnarum</strong></span> <span class='ocrx_word' id='word_1_185' title='bbox 657 738 747 763; x_wconf 79' lang='lat' dir='ltr'><strong>nauium,</strong></span> <span class='ocrx_word' id='word_1_186' title='bbox 756 738 826 758; x_wconf 87' lang='lat' dir='ltr'><strong>militi—</strong></span> 
     </span>
     <span class='ocr_line' id='line_1_27' title="bbox 234 766 825 794; baseline 0.002 -9"><span class='ocrx_word' id='word_1_187' title='bbox 234 766 277 790; x_wconf 83' lang='lat' dir='ltr'><strong>bus,</strong></span> <span class='ocrx_word' id='word_1_188' title='bbox 287 771 308 786; x_wconf 88' lang='lat' dir='ltr'><strong>et</strong></span> <span class='ocrx_word' id='word_1_189' title='bbox 318 766 464 786; x_wconf 76' lang='lat' dir='ltr'><strong>commeatibus</strong></span> <span class='ocrx_word' id='word_1_190' title='bbox 474 766 580 794; x_wconf 79' lang='lat' dir='ltr'><strong>plenarum</strong></span> <span class='ocrx_word' id='word_1_191' title='bbox 591 773 659 786; x_wconf 86' lang='lat' dir='ltr'><strong>secum</strong></span> <span class='ocrx_word' id='word_1_192' title='bbox 670 766 734 791; x_wconf 85' lang='lat' dir='ltr'><strong>duxit,</strong></span> <span class='ocrx_word' id='word_1_193' title='bbox 744 767 825 793; x_wconf 80' lang='lat' dir='ltr'><strong>quando</strong></span> 
     </span>
     <span class='ocr_line' id='line_1_28' title="bbox 232 793 825 821; baseline 0.002 -8"><span class='ocrx_word' id='word_1_194' title='bbox 232 793 353 813; x_wconf 78' lang='lat' dir='ltr'><strong>Hiberniam</strong></span> <span class='ocrx_word' id='word_1_195' title='bbox 359 798 390 814; x_wconf 79' lang='lat' dir='ltr'><strong>est</strong></span> <span class='ocrx_word' id='word_1_196' title='bbox 397 794 504 821; x_wconf 87' lang='lat' dir='ltr'><strong>ingressus,</strong></span> <span class='ocrx_word' id='word_1_197' title='bbox 511 798 532 814; x_wconf 83' lang='lat' dir='ltr'><strong>et</strong></span> <span class='ocrx_word' id='word_1_198' title='bbox 539 801 636 821; x_wconf 75' lang='lat' dir='ltr'><strong>magnum</strong></span> <span class='ocrx_word' id='word_1_199' title='bbox 644 798 703 814; x_wconf 78' lang='lat' dir='ltr'><strong>antea</strong></span> <span class='ocrx_word' id='word_1_200' title='bbox 713 794 825 814; x_wconf 78' lang='lat' dir='ltr'><strong>exercitum</strong></span> 
     </span>
     <span class='ocr_line' id='line_1_29' title="bbox 233 821 825 850; baseline 0.002 -9"><span class='ocrx_word' id='word_1_201' title='bbox 233 821 253 841; x_wconf 90' lang='lat' dir='ltr'><strong>in</strong></span> <span class='ocrx_word' id='word_1_202' title='bbox 264 825 317 841; x_wconf 71' lang='lat' dir='ltr'><strong>terra</strong></span> <span class='ocrx_word' id='word_1_203' title='bbox 326 822 402 846; x_wconf 77' lang='lat' dir='ltr'><strong>habuit,</strong></span> <span class='ocrx_word' id='word_1_204' title='bbox 413 825 433 842; x_wconf 83' lang='lat' dir='ltr'><strong>et</strong></span> <span class='ocrx_word' id='word_1_205' title='bbox 442 822 516 842; x_wconf 76' lang='lat' dir='ltr'><strong>multas</strong></span> <span class='ocrx_word' id='word_1_206' title='bbox 523 822 622 847; x_wconf 78' lang='lat' dir='ltr'><strong>ciuitates,</strong></span> <span class='ocrx_word' id='word_1_207' title='bbox 629 826 650 842; x_wconf 82' lang='lat' dir='ltr'><strong>et</strong></span> <span class='ocrx_word' id='word_1_208' title='bbox 657 822 733 850; x_wconf 85' lang='lat' dir='ltr'><strong>oppida</strong></span> <span class='ocrx_word' id='word_1_209' title='bbox 741 822 761 842; x_wconf 93' lang='lat' dir='ltr'><strong>in</strong></span> <span class='ocrx_word' id='word_1_210' title='bbox 768 829 825 842; x_wconf 83' lang='lat' dir='ltr'><strong>suam</strong></span> 
     </span>
     <span class='ocr_line' id='line_1_30' title="bbox 232 849 826 878; baseline 0.002 -9"><span class='ocrx_word' id='word_1_211' title='bbox 232 852 355 876; x_wconf 74' lang='lat' dir='ltr'><strong>potestatem</strong></span> <span class='ocrx_word' id='word_1_212' title='bbox 365 850 405 869; x_wconf 86' lang='lat' dir='ltr'><strong>iam</strong></span> <span class='ocrx_word' id='word_1_213' title='bbox 415 849 501 870; x_wconf 77' lang='lat' dir='ltr'><strong>redacta.</strong></span> <span class='ocrx_word' id='word_1_214' title='bbox 527 850 587 870; x_wconf 85' lang='lat' dir='ltr'><strong>Vnde</strong></span> <span class='ocrx_word' id='word_1_215' title='bbox 598 850 651 870; x_wconf 87' lang='lat' dir='ltr'><strong>illius</strong></span> <span class='ocrx_word' id='word_1_216' title='bbox 666 850 762 878; x_wconf 78' lang='lat' dir='ltr'><strong>receptio,</strong></span> <span class='ocrx_word' id='word_1_217' title='bbox 777 857 826 870; x_wconf 89' lang='lat' dir='ltr'><strong>con-</strong></span> 
     </span>
     <span class='ocr_line' id='line_1_31' title="bbox 233 877 826 905; baseline 0.003 -9"><span class='ocrx_word' id='word_1_218' title='bbox 233 877 333 902; x_wconf 79' lang='lat' dir='ltr'><strong>clamatio,</strong></span> <span class='ocrx_word' id='word_1_219' title='bbox 346 881 367 897; x_wconf 64' lang='grc' dir='ltr'><strong>εἰ</strong></span> <span class='ocrx_word' id='word_1_220' title='bbox 377 877 469 898; x_wconf 76' lang='lat' dir='ltr'><strong>salutatio</strong></span> <span class='ocrx_word' id='word_1_221' title='bbox 484 878 509 898; x_wconf 84' lang='lat' dir='ltr'><strong>ab</strong></span> <span class='ocrx_word' id='word_1_222' title='bbox 519 877 617 898; x_wconf 77' lang='lat' dir='ltr'><strong>Hibernis</strong></span> <span class='ocrx_word' id='word_1_223' title='bbox 625 878 684 905; x_wconf 79' lang='lat' dir='ltr'><strong>graui</strong></span> <span class='ocrx_word' id='word_1_224' title='bbox 698 881 754 898; x_wconf 78' lang='lat' dir='ltr'><strong>metu</strong></span> <span class='ocrx_word' id='word_1_225' title='bbox 770 885 826 898; x_wconf 86' lang='lat' dir='ltr'><strong>com-</strong></span> 
     </span>
     <span class='ocr_line' id='line_1_32' title="bbox 232 904 824 933; baseline 0.003 -9"><span class='ocrx_word' id='word_1_226' title='bbox 232 904 294 931; x_wconf 87' lang='lat' dir='ltr'><strong>pulsis</strong></span> <span class='ocrx_word' id='word_1_227' title='bbox 310 905 361 925; x_wconf 78' lang='lat' dir='ltr'><strong>facta</strong></span> <span class='ocrx_word' id='word_1_228' title='bbox 376 905 456 925; x_wconf 89' lang='lat' dir='ltr'><strong>nullum</strong></span> <span class='ocrx_word' id='word_1_229' title='bbox 472 906 491 926; x_wconf 90' lang='lat' dir='ltr'><strong>ei</strong></span> <span class='ocrx_word' id='word_1_230' title='bbox 506 907 537 927; x_wconf 86' lang='lat' dir='ltr'><strong>ius</strong></span> <span class='ocrx_word' id='word_1_231' title='bbox 551 906 640 926; x_wconf 79' lang='lat' dir='ltr'><strong>tribuere</strong></span> <span class='ocrx_word' id='word_1_232' title='bbox 656 909 741 933; x_wconf 81' lang='lat' dir='ltr'><strong>poterat.</strong></span> <span class='ocrx_word' id='word_1_233' title='bbox 769 906 824 926; x_wconf 81' lang='lat' dir='ltr'><strong>Nam</strong></span> 
     </span>
     <span class='ocr_line' id='line_1_33' title="bbox 232 932 824 965; baseline 0.003 -13"><span class='ocrx_word' id='word_1_234' title='bbox 232 939 303 952; x_wconf 90' lang='lat' dir='ltr'><strong>omnes</strong></span> <span class='ocrx_word' id='word_1_235' title='bbox 313 932 419 960; x_wconf 81' lang='lat' dir='ltr'><strong>Theologi,</strong></span> <span class='ocrx_word' id='word_1_236' title='bbox 429 936 450 953; x_wconf 81' lang='lat' dir='ltr'><strong>et</strong></span> <span class='ocrx_word' id='word_1_237' title='bbox 464 933 575 965; x_wconf 75' lang='lat' dir='ltr'><strong>Iurisperiti</strong></span> <span class='ocrx_word' id='word_1_238' title='bbox 584 933 650 961; x_wconf 71' lang='lat' dir='ltr'><strong>palam</strong></span> <span class='ocrx_word' id='word_1_239' title='bbox 664 933 752 954; x_wconf 73' lang='lat' dir='ltr'><strong>fatentur</strong></span> <span class='ocrx_word' id='word_1_240' title='bbox 762 937 824 958; x_wconf 64' lang='lat' dir='ltr'><strong>actm,</strong></span> 
     </span>
     <span class='ocr_line' id='line_1_34' title="bbox 232 961 825 989; baseline 0.003 -9"><span class='ocrx_word' id='word_1_241' title='bbox 232 963 252 980; x_wconf 87' lang='lat' dir='ltr'><strong>et</strong></span> <span class='ocrx_word' id='word_1_242' title='bbox 262 964 376 981; x_wconf 81' lang='lat' dir='ltr'><strong>contractus</strong></span> <span class='ocrx_word' id='word_1_243' title='bbox 386 967 457 982; x_wconf 82' lang='lat' dir='ltr'><strong>omnes</strong></span> <span class='ocrx_word' id='word_1_244' title='bbox 466 968 522 989; x_wconf 80' lang='lat' dir='ltr'><strong>grain</strong></span> <span class='ocrx_word' id='word_1_245' title='bbox 533 964 596 987; x_wconf 81' lang='lat' dir='ltr'><strong>metu,</strong></span> <span class='ocrx_word' id='word_1_246' title='bbox 609 961 641 982; x_wconf 92' lang='lat' dir='ltr'><strong>vel</strong></span> <span class='ocrx_word' id='word_1_247' title='bbox 653 961 759 982; x_wconf 70' lang='lat' dir='ltr'><strong>coactione</strong></span> <span class='ocrx_word' id='word_1_248' title='bbox 772 962 825 982; x_wconf 85' lang='lat' dir='ltr'><strong>iniu-</strong></span> 
     </span>
     <span class='ocr_line' id='line_1_35' title="bbox 796 993 826 1009; baseline 0 0"><span class='ocrx_word' id='word_1_249' title='bbox 796 993 826 1009; x_wconf 86' lang='lat' dir='ltr'><strong>sta</strong></span> 
     </span>
    </p>
   </div>
  </div>
 </body>
</html>
