3456 4734
270 288 375 366 280

266 439 412 541 mouit,
439 439 491 522 ad
523 437 713 523 ultimum
742 439 926 522 humano
953 437 1115 550 fastigio
1139 465 1225 522 non
1244 453 1464 524 contentus
1551 512 1554 520 .

265 551 358 635 ruit.
415 547 575 635 Primus
598 551 819 661 imperator
838 549 1081 651 Dominum,
1103 579 1151 634 nc
1172 549 1311 636 Deum
1332 579 1375 637 se
1394 580 1465 664 ap·

265 662 408 775 pellari
426 663 553 750 iussit.
603 662 706 748 Inde
724 663 767 746 in
785 663 954 762 rabiem,
968 678 1011 746 et
1024 659 1307 746 crudelitatem
1325 691 1465 746 versus

267 789 501 859 senatorum
541 773 772 887 complures
813 773 1031 858 leuissimis
1063 774 1115 861 de
1152 773 1282 857 causis
1315 775 1467 859 intere·

267 886 357 986 mit,
382 900 429 996 et
460 884 734 970 Christianum
758 914 911 970 nomen
946 883 1102 968 afflixit.
1159 884 1259 969 Eius
1277 900 1467 997 tempore

267 996 437 1081 loannes
466 996 729 1110 Euangelista
758 999 802 1081 in
830 995 1034 1080 Pathmon
1064 996 1238 1080 insulam
1261 997 1465 1108 relegatus

269 1108 357 1191 fuit
418 1108 570 1209 Cletus,
611 1126 654 1195 et
687 1108 914 1195 Anacletus
948 1107 1106 1192 Summi
1141 1106 1361 1195 Pontifices
1390 1135 1467 1221 pro

271 1220 479 1305 Catholica
500 1221 649 1305 Christi
668 1220 887 1333 Religione
906 1236 1002 1302 sunt
1028 1219 1244 1306 interfecti.
1302 1222 1362 1303 At
1379 1220 1469 1332 ipse

270 1331 405 1416 Caesar
428 1338 490 1416 15.
509 1332 761 1445 principatus
779 1334 940 1433 annua
963 1330 1057 1431 suis,
1085 1332 1139 1415 ob
1169 1360 1242 1414 sua
1269 1329 1469 1417 demerita

267 1438 538 1556 interemptus
558 1464 631 1528 est.
678 1443 735 1527 Et
763 1444 833 1556 qui
861 1444 1024 1527 diuinos
1052 1443 1230 1527 honores
1253 1471 1470 1554 arroganc-

267 1569 342 1657 rat‚
359 1556 549 1638 humanis
568 1557 706 1640 caruit.
1488 1649 1491 1658 ,

325 1667 580 1752 Commodus
599 1670 653 1752 ob
673 1666 870 1772 crudeles,
888 1684 931 1753 et
949 1667 1140 1779 indignos
1171 1669 1360 1777 Augusto
1380 1694 1471 1749 mo·

267 1808 331 1892 res
350 1782 374 1862 a
393 1779 476 1863 suis
493 1779 648 1863 inuisus
667 1780 939 1893 strangulatur
956 1809 1065 1862 anno
1089 1785 1150 1863 lu
1171 1779 1343 1890 imperij.

324 1890 504 1974 Iulianus
540 1889 686 1976 Didius
713 1893 986 2005 principatum
1016 1889 1124 1974 male
1154 1906 1331 2003 partum,
1361 1890 1470 1973 male

267 2002 457 2114 perdidit
492 2001 535 2084 N
537 2029 603 2086 am
619 2021 782 2088 senatus
796 2006 1036 2133 abrogatum
1051 2002 1111 2094 illi
1126 2001 1351 2113 Imperium
1370 2000 1471 2130 Cep·

137 2127 161 2206 j
266 2114 387 2196 timio
427 2115 578 2199 Seuero
614 2115 783 2200 detulit:
824 2144 938 2200 curus
971 2116 1082 2197 iussu
1109 2112 1262 2196 'Didius
1292 2141 1470 2196 occissus
1608 2128 1611 2133 ·

269 2241 343 2309 est
392 2223 528 2309 Huius
556 2226 667 2340 Didij
696 2226 838 2312 fraude
867 2226 998 2310 AElius
1023 2224 1214 2309 Pertinax
1233 2227 1366 2307 bonus
1387 2223 1470 2306 Irn-

268 2350 433 2448 perator
451 2340 475 2419 a
492 2337 690 2423 militibus
708 2339 859 2424 iniuste
877 2338 955 2422 fuit
972 2336 1161 2420 occissus.
1500 2386 1503 2391 -

326 2446 566 2533 Valerianus
599 2451 825 2580 Augustus,
856 2452 907 2544 ab
938 2464 1082 2533 senatu
1118 2448 1345 2561 appellatus
1374 2477 1469 2531 cum

130 2648 132 2655 ,
272 2559 451 2644 Galieno
466 2559 553 2651 filio
578 2560 803 2674 Imperium
825 2562 951 2675 gessit
973 2560 1122 2672 insigni
1145 2561 1468 2655 Christianorum

272 2671 411 2773 Clade,
440 2701 533 2786 quae
562 2672 762 2786 plurimos
791 2674 970 2784 martyrij
1004 2670 1134 2784 gloria
1166 2671 1470 2778 condecorauit‚

269 2785 451 2869 maxime
472 2785 721 2898 Cyprianum
750 2784 1114 2896 Carthaginensem
1137 2782 1403 2896 Episcopum,
1427 2800 1470 2868 et

270 2893 449 3006 Xystum
479 2897 705 2981 secundum
736 2899 951 2982 Summum
980 2893 1237 2996 Pontificem,
1264 2894 1334 3006 qui
1363 2894 1473 2978 Lau-

269 3007 449 3091 rentium
467 3005 699 3093 Diaconum
721 3008 773 3092 ad
791 3009 903 3100 idem
922 3007 1066 3091 mortis
1083 3036 1214 3118 genus
1233 3034 1307 3089 suo
1326 3035 1472 3091 accen·
1547 3074 1549 3078 ,

270 3118 332 3202 dit
350 3121 556 3232 exemplo.
601 3120 798 3206 Ceterum·
825 3116 1066 3204 Valerianus
1094 3147 1137 3202 se
1168 3118 1278 3200 timo
1301 3117 1468 3230 Imperij

269 3259 379 3314 anno
399 3230 524 3316 sentit
541 3231 717 3317 vltorem
736 3230 887 3316 Deum.
943 3229 1055 3313 Nam
1074 3230 1117 3312 in
1136 3148 1247 3313 dello
1260 3227 1428 3314 >Persico
1448 3231 1472 3311 a

272 3342 424 3456 Sapore
443 3341 656 3428 Persarum
677 3343 795 3456 Rege
820 3344 963 3444 victus,
987 3356 1211 3454 captusque
1229 3340 1376 3424 ductus
1393 3341 1473 3423 mi·

272 3454 433 3539 serabili
471 3457 666 3540 seruitute
708 3455 817 3569 apud
861 3455 1002 3539 hostes
1049 3452 1277 3554 consen-uit,
1319 3453 1472 3564 quippe

273 3563 369 3650 Rex
388 3567 587 3650 barbarus
603 3566 739 3674 nimia
759 3567 922 3650 fortuna
950 3566 1079 3649 elatus
1102 3590 1255 3676 equum
1275 3592 1472 3648 conscen-

274 3700 388 3761 surus
416 3677 621 3763 Valeriani
645 3678 824 3791 Augusti
852 3677 974 3762 dorso
1003 3678 1191 3760 vtebatur
1218 3703 1294 3788 pro
1316 3675 1472 3779 scabel-

273 3787 344 3888 lo;
373 3789 477 3874 adeo
496 3789 608 3873 nulla
625 3790 805 3874 humana
822 3788 1011 3875 maiestas
1030 3791 1081 3872 ab
1099 3786 1389 3872 vltimoetiam
1408 3787 1471 3869 lu·
1578 3859 1584 3873 .

276 3897 408 3983 dibrio
433 3917 523 3987 tuta
550 3917 623 3986 est.
674 3901 824 3987 Similis
852 3901 1023 3985 omnino
1049 3898 1263 3984 infelicitas
1290 3915 1474 3983 narratur

277 4007 330 4094 de
350 4009 543 4101 Romano
562 4011 752 4127 Diogene
774 4013 922 4098 Graeco
941 4011 1207 4123 Imperatore,
1226 4010 1296 4122 qui
1315 4010 1473 4140 collatis

1429 4151 1472 4204 rn
