1054 1258
779 61 806 80 55

231 102 286 119 ctatu
296 100 314 119 2.
325 98 462 126 disputatione
473 99 504 119 78.
518 102 538 119 et
549 99 581 119 79.
592 98 625 119 vbi
636 98 685 119 citat
694 98 744 124 iura,
758 102 779 119 et
791 98 832 119 Do-

231 130 302 147 ctores.

258 156 285 175 56
314 154 406 175 Secunda
424 153 515 174 conditio
537 154 649 175 necessaria
663 154 688 174 ad
701 154 831 181 praescriben-

232 182 280 202 dum
292 186 322 202 est
333 182 386 202 bona
395 182 452 206 fides,
466 182 510 202 sine
524 182 562 202 hac
577 182 631 202 enim
647 188 750 209 nunquam
765 182 830 207 datur,

232 217 270 230 nee
280 210 322 230 dari
332 213 401 237 potest
410 210 539 237 praescriptio,
549 213 570 230 vt
579 214 636 237 patet
646 217 671 230 ex
681 209 750 237 regula
760 217 832 230 secun-

232 238 257 258 da
267 238 315 258 iuris
325 238 346 258 in
357 240 375 258 6.
386 238 419 258 ibi.
442 238 540 258 possessor
546 238 651 264 malaefldez'
658 238 695 258 vllo
702 241 784 264 tempore
792 245 830 258 non

227 266 341 292 praescribit.
371 265 395 286 In
410 272 470 293 quam
485 265 575 293 regulam
590 265 679 286 Didacus
698 265 830 286 Couarruuias

231 293 257 314 de
268 293 332 314 Leiua
341 293 455 321 Episcopus
466 293 594 321 Segouiensis
604 293 743 314 doctissimum
753 293 830 321 scripsit

231 322 407 346 commentarium,
416 328 484 349 quem,
494 325 515 342 et
524 321 574 342 alios
585 321 684 341 Doctores
694 321 747 346 vide,
759 321 775 341 si
788 321 830 349 pla-

231 353 270 374 cet,
281 353 302 370 et
311 350 421 377 praesertim
430 348 531 369 Molinam
542 356 593 377 saepe
605 349 695 374 citatum,
705 349 755 376 disp.
766 351 798 369 63.
809 354 830 369 et

230 377 324 397 Lessium
332 377 393 397 etiam
401 377 485 398 citatum
492 384 534 405 cap.
543 379 562 397 6.
570 377 617 397 dub.
626 378 644 397 2.
653 381 674 397 et
681 376 736 397 idem
744 377 829 397 habetur

231 405 250 425 in
262 412 303 432 cap.
312 405 346 425 fin.
356 405 382 426 de
392 404 582 433 praescriptionibus,
592 405 647 432 quod
656 405 787 432 desumptum
799 409 829 425 est

230 440 255 453 ex
278 440 353 460 magno
369 431 461 453 Concilio
474 433 605 453 Lateranensi
618 433 654 453 sub
671 432 792 453 Innocentio
807 435 825 453 3.

232 461 316 481 Summo
335 460 438 485 Pontifice,
453 461 487 481 vbi
504 461 546 481 haec
561 461 634 481 veritas
650 460 765 488 dogmatice
780 460 829 480 defi-

230 489 284 509 nitur
294 489 325 509 his
336 489 408 509 verbis.
436 489 530 512 Quoniam
540 496 600 514 mnne,
614 489 665 516 qnod
672 496 709 509 non
720 491 745 508 ext
755 489 829 515 exfide,

226 520 326 543 peccatum
333 520 365 541 ext,
379 517 466 543 synodali
475 517 545 537 iudicio
554 517 659 543 definimus,
672 520 692 537 vt
701 517 756 536 nulla
766 517 829 536 valeat

229 545 298 571 absque
305 545 354 565 bona
361 545 401 569 fide
407 545 527 571 praescriptio
532 547 572 564 tam
579 545 677 569 canonica,
690 551 748 571 quam
755 545 816 564 ciuilis
823 553 828 568 ;

229 579 271 592 cum
279 573 396 599 generaliter
403 573 426 592 sit
436 573 486 593 omni
493 573 625 598 constitutioni,
634 575 652 593 et
659 573 789 592 consuetudini
796 573 829 592 de-

229 601 343 627 rogandum,
350 607 392 627 quoe
397 601 465 627 absque
469 601 545 620 mortali
548 604 628 627 peccato
633 608 671 620 non
673 603 736 627 potest
740 600 828 620 obseruas

229 629 252 653 ri,
272 629 322 648 Vnde
329 632 408 655 oportet,
414 632 433 649 vt
441 630 473 656 qui
477 629 592 656 praescribit,
599 629 619 649 in
627 629 680 649 nulla
686 629 774 655 temporis
778 636 828 655 par-

228 660 246 676 le
255 657 323 676 habeat
330 658 359 676 rei
365 657 432 677 alienae
439 657 576 677 conscientiam.
592 656 642 677 Haec
651 656 771 677 Concilium.
787 656 828 676 Ex-

228 685 285 704 cuius
295 684 421 709 definitione,
435 688 456 705 et
468 692 494 705 ex
509 684 631 705 Ductoribus
645 688 725 705 constat
739 684 788 711 quid
802 684 828 704 sit

229 713 283 732 bona
293 712 349 737 fides,
364 712 390 733 de
400 719 439 739 qua
448 712 482 732 hic
491 712 583 740 agimus?
612 712 639 732 Et
654 712 700 732 dico
715 712 791 732 bonam
805 712 828 732 fi-

229 740 277 760 dem
287 747 331 760 esse
341 740 489 765 credulitatem,
503 747 542 767 qua
552 740 596 768 quis
606 740 644 760 sibi
657 740 768 767 prudenter
782 747 828 767 per-

229 768 300 788 suadet
307 775 357 793 rem,
367 775 427 795 quam
449 768 531 793 ossidet,
541 775 584 789 esse
592 775 656 793 suam,
663 768 696 788 vel
704 767 775 788 saltem
783 775 828 788 nes-

228 796 255 816 cit
265 803 308 816 esse
319 796 411 816 alienam.
451 796 477 816 ixi
486 795 606 823 (prudenter)
617 803 665 816 nam
672 795 689 815 si
699 803 724 816 ex
734 795 828 823 ignoran-

228 824 255 844 tia
270 831 335 844 crassa
347 824 379 844 vel
389 824 488 849 affectata,
502 824 535 844 vel
549 823 663 844 inordinata
677 823 788 851 cupiditate
803 823 827 843 il-

227 852 247 871 la
256 852 358 879 persuasio
369 852 468 879 procedit,
477 859 519 872 non
527 851 565 873 erit
573 852 627 872 bona
633 851 691 876 fides,
700 855 722 871 vt
728 855 783 872 recte
790 858 827 871 no-

229 883 297 899 tarunt
312 879 395 900 Lessius
410 880 482 900 citatus
495 879 542 900 duh.
557 881 575 900 2.
587 886 642 900 num.
652 881 671 900 9.
682 879 762 900 Molina
776 879 827 911 disp.

228 909 260 928 63.
269 907 372 927 Filliucius
378 909 545 935 tractatum-cap.
553 909 571 928 8.
579 914 598 935 q.
606 909 625 928 3.
633 909 702 928 n.186.
710 907 799 927 Sanchez
805 914 827 927 m

227 935 332 963 praeceptis
343 935 440 962 Decalogi
449 935 502 956 libro
512 937 530 955 2.
540 943 583 963 cap.
590 937 648 956 23.n.
659 936 703 956 158.
712 939 733 955 et
740 942 827 962 sequen-

228 963 281 983 tibus
291 963 358 983 nitans
368 963 449 988 multos,
464 967 485 984 et
494 963 526 992 alij
537 963 626 991 passim;
643 966 663 983 et
672 966 729 990 patet
739 969 764 983 ex
774 962 826 983 mul-

228 991 253 1011 tis
263 990 345 1016 iuribus,
359 996 381 1011 vt
391 998 416 1012 ex
426 991 471 1018 lege
480 992 537 1012 bonae
547 991 594 1012 fidei
604 992 648 1011 110.
656 991 676 1011 ff.
684 990 710 1011 de
718 991 826 1011 verborum

766 1018 826 1046 signi-
