3456 4734
230 522 237 532 ¹
314 484 416 565 omni
431 481 545 591 Regi,
561 492 599 562 et
610 480 792 590 potestati
808 482 850 562 iu
867 480 928 589 ijo,
945 508 1031 589 que
1049 476 1141 564 Deo
1153 480 1310 590 placent
1323 492 1517 590 tamquam

312 595 492 675 ministris
512 595 605 693 Dei,
622 604 659 674 et
676 594 876 702 impiorum
890 592 1083 675 iudicibus.
1127 591 1183 674 Et
1201 590 1314 674 infra
1329 593 1517 675 Exhibetc

313 707 366 786 eie
383 732 527 786 omnem
543 715 680 785 metum
691 705 869 805 debitum
890 731 999 785 omne
1011 704 1187 813 uedr'got,
1204 732 1314 784 mnne
1324 705 1518 804 tributum
1626 720 1630 725 '

314 817 382 921 «10.
411 815 467 898 Ε1
484 813 608 898 addit.
640 816 849 897 Haecenim
862 825 916 896 eet
929 817 1011 896 Dei
1031 816 1132 913 Lee3
1152 835 1195 898 et
1215 814 1382 898 Sanetus
1401 814 1516 925 Hye·
1671 841 1675 845 ⁴

316 954 513 1036 ronymus
538 925 711 1038 epistola
736 932 776 1008 4.
801 925 978 1009 declarat
1004 925 1110 1008 hanc
1137 925 1349 1008 veritatem
1378 954 1517 1010 exem·

317 1035 396 1148 plis
414 1040 627 1120 brutorum
645 1036 881 1121 animalium
900 1036 1053 1121 dicens·
1095 1039 1212 1119 Muto
1234 1040 1346 1119 etiam
1369 1041 1517 1120 cuimo-

314 1151 384 1248 oa,
401 1161 438 1231 et
443 1151 626 1257 suorum
635 1176 761 1258 genoe
775 1151 965 1231 Ductores
981 1161 1189 1258 sequuntur
1201 1175 1311 1230 oros:
1329 1153 1371 1231 in
1384 1153 1520 1258 opibor

309 1262 508 1370 principer
519 1272 618 1358 eunt,
630 1288 748 1368 grues
765 1287 880 1343 unum
896 1273 1106 1369 sequuntur
1118 1263 1252 1343 ordine
1267 1263 1433 1363 literato,
1449 1264 1519 1344 tm-

231 1475 233 1480 ,
309 1384 474 1482 perator
489 1397 597 1473 vora,
613 1373 727 1453 iudea
743 1399 837 1455 unua
848 1374 1077 1482 prouincia,
1093 1373 1160 1480 dc
1201 1369 1324 1453 Ratio
1342 1371 1519 1484 denique

317 1497 392 1585 est,
409 1483 600 1596 quianon
618 1482 749 1566 solum
765 1482 913 1583 licitus,
929 1498 972 1568 et
986 1483 1113 1566 iustus
1131 1499 1195 1568 est
1204 1481 1394 1593 politicus
1406 1485 1517 1596 prin·
1666 1509 1670 1515 ’

317 1593 488 1706 cipatus,
526 1593 599 1678 aed
635 1593 760 1677 etiam
797 1594 1044 1678 necessarius
1076 1594 1128 1678 ad
1164 1594 1517 1679 conseruationem

317 1703 582 1818 Reipublicae.
608 1703 729 1790 Vnde
747 1703 1060 1806 Prouerbiorum
1084 1711 1146 1786 11.
1166 1732 1278 1788 num·
1303 1711 1363 1787 14.
1383 1707 1439 1789 sic
1457 1706 1518 1788 di·

317 1815 433 1901 citur·
462 1819 530 1899 Vbi
546 1847 624 1900 ooo
637 1819 947 1927 agedunum,
953 1819 1121 1927 populus
1132 1829 1292 1900 00111101.
1313 1816 1369 1899 Et
1377 1817 1520 1901 110010-

317 1927 424 2011 siast.
443 1933 505 2012 19.
518 1957 630 2012 num
649 1935 712 2013 lo
727 1931 790 2011 Vce
803 1931 871 2012 tibi
881 1941 1000 2029 terro,
1012 1932 1119 2013 cuiue
1130 1931 1217 2012 Rea
1220 1956 1323 2037 puer
1335 1942 1399 2011 ert·
1414 1929 1521 2024 Quia

317 2067 403 2121 non
423 2040 519 2122 satis
537 2053 612 2140 est,
639 2040 790 2125 hebere
837 2038 1049 2151 rincipem,
1066 2039 1143 2123 nisi
1163 2041 1215 2123 sit
1232 2041 1354 2124 etiam
1374 2043 1521 2142 bonus,

317 2165 365 2235 et
378 2166 497 2262 aptus
515 2151 567 2234 ad
584 2071 907 2263 gubernandum.
963 2150 1020 2235 Et
1038 2151 1152 2236 Deus
1171 2181 1245 2264 per
1264 2151 1408 2235 Isaiam
1429 2183 1516 2265 cap.

317 2269 355 2345 3.
369 2289 480 2344 num.
494 2268 533 2345 4.
548 2263 589 2345 in
604 2291 761 2375 paenam
776 2263 1015 2347 cominatur.
1048 2264 1315 2373 Dodopueroe
1324 2266 1519 2374 principes

317 2400 460 2475 eorum,
478 2386 515 2456 et
532 2377 748 2485 attaminati
765 2377 1059 2458 deridebuntur
1070 2378 1134 2458 eir.
1183 2373 1304 2458 Vnde
1317 2389 1430 2487 patet
1447 2405 1520 2460 ne-

318 2484 536 2568 cessarium
573 2513 662 2572 esse
693 2485 747 2568 ad
777 2486 1130 2570 conseruationem
1169 2484 1419 2598 Reipublicae
1438 2488 1520 2571 ‘ali-

318 2595 430 2707 quod
448 2610 583 2709 caput‚
600 2597 841 2709 principem,
868 2597 933 2683 vel
951 2599 1277 2709 gubernatorem.
1309 2598 1430 2692 Quod
1449 2629 1520 2682 ex-

317 2706 459 2819 plicari
485 2722 623 2820 potest
649 2707 841 2821 exemplo
866 2709 1038 2792 humani
1066 2708 1259 2819 eorporis,
1293 2709 1405 2823 quod
1431 2711 1520 2794 sine

320 2819 454 2930 capite
473 2822 703 2904 conseruari
722 2848 807 2903 non
825 2834 989 2937 potest,¹
1002 2835 1045 2905 et
1062 2823 1191 2922 nauis,
1217 2849 1305 2933 quae
1333 2822 1420 2906 sine
1447 2851 1521 2934 gu·

320 2931 536 3017 bernatore
557 2931 720 3043 peribit,
748 2932 864 3034 sicut,
890 2947 934 3017 et
962 2933 1164 3017 exercitus
1192 2931 1281 3018 sine
1308 2932 1449 3019 Duce:
1478 2949 1521 3018 et
1580 2956 1584 2967 ·

320 3040 408 3151 ulijs
422 3042 646 3157 exemplis.
682 3042 819 3128 Videri
845 3057 983 3156 potest
1006 3045 1153 3130 Suarez
1179 3043 1323 3129 citatus
1348 3044 1452 3130 libro
1481 3053 1520 3129 3.

321 3152 498 3236 00111.
882 3162 884 3166 ’

368 3182 432 3350 lid
491 3266 687 3379 Suppono
733 3267 913 3353 secundo
959 3282 1168 3381 tamquam
1214 3282 1371 3353 certum
1416 3270 1523 3354 inter

320 3374 523 3461 Doctores
562 3378 807 3481 Catholicos,
849 3395 892 3465 et
928 3407 1160 3465 commune.
1216 3378 1522 3493 Theologorum

324 3485 498 3591 axioma,
518 3489 688 3588 ¹nullum
708 3490 882 3602 Regem,
908 3491 975 3577 vel
994 3488 1439 3595 Monarchamhabere,
1457 3493 1524 3577 vel

197 3600 200 3607 '
321 3597 510 3685 habuisse
528 3601 764 3687 immediate
782 3605 806 3686 a
823 3601 930 3705 Deo,
954 3602 1021 3686 vel
1040 3631 1092 3686 ex
1111 3602 1249 3687 diuina
1267 3603 1525 3688 institutione

322 3709 533 3821 politicum
554 3713 840 3827 principatum,
865 3714 939 3799 aed
956 3712 1165 3800 mediante
1181 3714 1361 3798 humana
1378 3716 1523 3799 volun·

322 3834 419 3923 tate,
447 3840 490 3907 et
507 3823 774 3927 institutione,
801 3825 843 3908 lo
873 3826 1009 3913 uendo
1028 3823 1081 3910 de
1099 3825 1191 3939 lege
1218 3825 1429 3910 ordinaria.
1460 3827 1524 3910 Ita

325 3930 472 4017 Soarez
490 3935 534 4018 in
559 3935 798 4022 defensione
824 3855 921 4022 fidei
952 3935 1170 4021 Catholicae
1195 3936 1301 4022 libro
1319 3946 1463 4050 3.cap.
1482 3944 1521 4020 2

323 4043 390 4127 v'bi
428 4046 527 4132 citat
562 4048 660 4151 iura,
692 4063 735 4135 et
768 4048 983 4154 Doctores,
1018 4076 1121 4160 quoa
1157 4047 1366 4136 breuitatis
1402 4075 1547 4179 causa·

322 4200 323 4203 ¹
1362 4174 1521 4246 omitto.
