3456 4734
322 316 402 395 122

268 469 531 556 Sulleuannm
559 466 602 553 in
631 463 878 578 compendio
896 465 1076 558 historiae
1096 465 1317 574 Catholicae
1336 485 1391 557 to.
1411 479 1450 558 2.

265 577 652 692 lib.acap.1.etlib.
672 582 733 664 10.
751 574 806 662 de
820 575 902 661 vita
918 575 1125 688 sPatricij
1139 608 1227 691 cap.
1241 589 1280 668 5.
1287 598 1329 670 et
1338 581 1454 684 alios,

267 711 311 778 et
328 691 546 778 inuenietis
559 690 708 789 octies,
725 687 789 773 vel
809 688 957 777 nonies
969 687 1127 800 Anglos
1141 690 1367 805 plerosque,
1384 695 1453 779 vel

269 833 417 916 magna
449 833 502 890 ex
531 818 647 932 parte
673 797 895 889 Catholicae
921 799 1039 886 Fidei
1066 801 1190 888 fuisse
1215 801 1456 906 desertores,

269 946 363 1003 curn
396 943 488 1002 eam
522 941 655 1028 primo
684 914 935 1023 susceperint
966 912 990 998 h
1019 909 1194 1026 Iosepho
1217 916 1267 1001 ab
1292 918 1455 1005 Arima·

113 1086 118 1094 -
270 1029 357 1112 thia
378 1056 488 1111 anno
509 1042 604 1140 post
633 1023 838 1112 Christum
864 1039 1007 1111 naturn
1036 1023 1383 1138 quinquagesimo,
1410 1047 1455 1112 vt
1566 1100 1569 1109 ,

270 1169 323 1225 ex
354 1138 478 1223 Gilda
505 1135 784 1250 antiquissimo
821 1136 1016 1249 scriptore
1052 1137 1243 1225 Britanno
1280 1125 1456 1251 Polydo-

271 1281 351 1351 rus,
372 1250 584 1351 sanderus,
599 1264 645 1336 et
663 1245 731 1358 aiij
755 1245 945 1336 referunt
986 1247 1101 1334 Circa
1127 1266 1284 1362 septem
1304 1253 1456 1363 primas

272 1365 383 1447 uices
416 1362 544 1448 videri
572 1375 711 1473 potest
740 1359 853 1448 Beda
880 1375 995 1446 torno
1023 1368 1063 1446 3.
1094 1388 1259 1448 suorum
1283 1392 1454 1475 operum

271 1477 339 1558 tib.
359 1481 393 1557 1.
415 1471 895 1560 Ecclesiasticaehistoriae
907 1469 1041 1583 gentis
1060 1472 1397 1588 anglorumaap.
1414 1485 1453 1561 4.

271 1588 689 1673 antonienses.
704 1583 825 1669 etlih.
843 1589 881 1673 2.
891 1612 976 1695 cap.
986 1589 1026 1672 5.
1041 1597 1084 1671 et
1095 1583 1164 1670 lib.
1181 1592 1219 1671 8.
1231 1591 1399 1699 capra
1414 1611 1458 1675 et

275 1705 328 1782 19
356 1697 421 1780 cui
448 1695 625 1782 historic
660 1692 846 1782 vltimaru
873 1695 887 1781 i
937 1725 961 1784 e
987 1694 1124 1808 posuit
1151 1723 1319 1785 manum
1346 1729 1457 1788 anno

273 1809 431 1894 Domni
443 1813 536 1895 731.
550 1808 697 1920 aipse
714 1821 885 1896 testatur
915 1807 1002 1894 ‘hro
1016 1813 1054 1895 5.
1065 1810 1226 1920 caput
1241 1809 1347 1897 circa
1359 1811 1457 1899 alias

273 1923 374 2005 duas
406 1920 668 2021 defectiones,
696 1917 762 2008 vel
790 1916 1033 2008 rebelliones
1062 1922 1129 2006 An
1158 1917 1291 2008 lorum
1315 1939 1457 2010 contra

273 2033 421 2118 Fidem
450 2030 718 2132 Catholicarn,
744 2029 872 2119 videri
900 2030 1116 2143 possuntS
1160 2030 1340 2135 lenanus,
1360 2034 1458 2122 san·

271 2146 408 2247 derus,
426 2161 469 2229 et
487 2142 551 2255 alij
574 2139 772 2229 Catholici
786 2142 1011 2255 scriptores
1031 2141 1123 2254 Ego
1138 2171 1221 2230 non
1237 2173 1358 2256 nego,
1370 2145 1457 2231 imo

271 2272 508 2341 constanter
525 2253 682 2342 affirmo
700 2253 744 2341 in
772 2255 963 2342 omnibus
982 2252 1190 2366 preteritis
1213 2257 1371 2344 saeoulis
1387 2287 1460 2344 ex·

273 2370 404 2455 titisse
442 2365 601 2478 Anglos
637 2363 803 2467 multos,
840 2365 883 2453 in
902 2365 914 2385 '
973 2394 1017 2454 es
1054 2381 1262 2475 martyres,
1298 2387 1459 2457 sanctos

272 2480 538 2580 confessores,
556 2475 765 2590 sapientia,
783 2494 825 2564 et
840 2506 918 2589 pru
948 2477 1059 2565 entia
1075 2476 1216 2580 claros
1233 2479 1461 2592 quitidenr,

271 2609 318 2678 et
337 2592 596 2704 Religionem
629 2587 880 2677 catholicam
909 2618 1036 2700 vsqne
1052 2588 1106 2677 ad
1123 2605 1299 2681 mortenr
1319 2591 1460 2682 defen-

273 2706 433 2791 derunt
493 2703 597 2788 Cum
616 2699 817 2790 haereticis
836 2700 969 2790 solurn
988 2700 1114 2788 modo
1132 2731 1220 2814 ago.

333 2821 383 2900 17
443 2813 617 2928 Speratis
643 2840 697 2899 ne
724 2809 902 2900 Hiberni
921 2812 1016 2914 mei,
1033 2841 1157 2913 nunc,
1174 2830 1244 2901 aut
1263 2815 1304 2901 in
1322 2832 1461 2927 poste·

276 2959 382 3029 rum,
399 2943 443 3013 vt
469 2925 596 3011 fidem
615 2922 731 3010 vohis
749 2922 984 3024 manain,
1016 2940 1088 3012 aut
1114 2924 1295 3014 diuinam
1325 2946 1461 3017 seruet

273 3071 375 3153 gens
394 3041 471 3123 ista
489 3055 572 3122 tam
591 3035 707 3137 leuis,
721 3048 806 3123 tarn
821 3035 1089 3137 variabiliaet
1100 3036 1346 3140 inconstans,
1358 3057 1463 3127 tam·
1512 3072 1517 3085 ’
1580 3059 1583 3067 ·

273 3183 356 3265 que
370 3153 549 3250 barbara,
561 3145 753 3246 bestialis,
766 3176 820 3248 err
833 3147 915 3248 lex,
929 3162 973 3236 et
983 3149 1201 3251 obcaecata,
1214 3178 1306 3262 quae
1320 3151 1462 3238 nefan-

275 3265 349 3348 das
368 3279 509 3364 sectas,
536 3257 724 3357 Lutheri,
742 3258 915 3359 Caluini,
931 3273 976 3348 et
987 3258 1157 3347 aliorum
1177 3261 1461 3351 haeretioomm

277 3374 492 3488 anteponit
512 3369 734 3458 Catholicae
744 3368 854 3472 fidei,
868 3383 911 3458 et
922 3368 1129 3482 Religioni
1146 3372 1307 3475 Christi,
1326 3381 1463 3486 Apos-

277 3489 471 3588 tolorum,
498 3499 542 3569 et
563 3484 687 3581 totius
709 3481 904 3570 Ecclesia
925 3481 1160 3586 Catholicae,
1187 3484 1344 3597 sibique
1370 3516 1463 3599 per·-

279 3599 436 3700 suadet,
458 3612 500 3681 et
527 3594 613 3704 aliis
638 3593 882 3707 persuadere
901 3609 1070 3682 cenatur
1086 3593 1313 3699 basenens,
1330 3613 1373 3686 et
1390 3597 1462 3707 lai-
1551 3637 1562 3648 ·

280 3741 350 3794 cos
363 3737 524 3826 pueros,
537 3723 584 3791 et
602 3706 789 3793 saeminus
801 3704 936 3806 fuisse,
950 3721 993 3792 et
1005 3733 1125 3817 posse
1140 3735 1231 3796 esse
1246 3706 1462 3797 Pontifices

281 3850 493 3935 supremos
511 3817 784 3905 Ecclesiarurn
809 3816 884 3904 [lei
911 3816 955 3904 in
983 3817 1285 3929 temporalibus,
1313 3821 1463 3932 etapi-

122 3929 129 3945 '
279 3935 503 4033 ritualibus,
523 3946 567 4015 et
594 3929 827 4017 defensores
851 3925 950 4017 fidei
981 3927 1214 4029 Catholicae,
1243 3959 1339 4020 curn
1367 3961 1463 4019 vere

277 4045 431 4130 suerint
447 4045 683 4144 offensores,
698 4059 744 4129 et
755 4040 1064 4155 impugnatores
1082 4041 1265 4131 eiusdem
1282 4041 1401 4133 fidei:
1420 4063 1464 4132 et

1165 4169 1465 4268 propagatores,
