3456 4734
333 479 502 564 'l'lromae
522 454 684 561 Bolenae
703 506 747 562 se
761 473 947 562 deflorari
960 504 1076 588 passa
1089 491 1161 560 est
1191 472 1351 560 Moxin
1364 473 1520 563 Gallias
1559 457 1562 461 ⁴
1642 517 1645 523 ¹

334 591 524 691 mittitur,
551 589 620 672 vbi
651 589 763 701 regio
796 602 962 700 sumptu
983 587 1091 700 apud
1114 587 1318 700 quendam
1337 587 1520 674 nobilem

333 703 464 787 virum
493 699 662 785 educata
675 701 797 814 paulo
823 714 918 813 post
941 699 993 783 ad
1009 699 1206 812 palatium
1224 698 1350 828 Regis
1371 697 1521 784 Gallia·
1603 767 1607 779 ,

333 840 426 896 rum
446 841 489 896 se
516 811 701 915 contulit,
728 813 866 925 ibique
890 825 974 895 tam
1003 811 1208 924 impudice
1226 810 1341 913 vixrt,
1368 809 1521 899 utnul-

333 952 387 1037 go
406 927 430 1006 a
450 922 578 1008 Gallis
598 923 715 1036 Equa
738 923 963 1118 Anplicana
992 922 1272 1035 appellaretur.
1328 922 1433 1006 Cum
1451 950 1521 1006 ve-

333 1064 381 1119 ro
401 1035 528 1147 Regis
553 1034 777 1119 Galliarum
820 1034 1116 1119 amiliaritatem
1135 1034 1259 1118 ascita
1276 1048 1524 1146 essetcaep-
1577 1080 1579 1085 ·

333 1163 376 1230 ta
394 1161 457 1230 est
474 1148 609 1229 vocari
628 1144 746 1231 Mula
766 1146 908 1258 Regia.
958 1145 1105 1231 Heresi
1127 1148 1250 1230 etiam
1274 1144 1523 1230 Lutheranae

282 1347 284 1352 ,
335 1257 496 1342 addicta
514 1273 620 1342 erat:
650 1259 914 1342 nihilominus
943 1286 987 1342 se
1017 1257 1267 1341 catholicam
1293 1286 1381 1341 esse
1398 1256 1522 1370 profi-

335 1371 504 1453 tebatur.
542 1370 645 1452 Cum
664 1371 708 1452 in
728 1368 922 1483 Angliam
941 1370 1185 1469 reuertisset,
1204 1369 1307 1452 etin
1326 1366 1522 1452 familiam

338 1481 492 1592 regiam
517 1496 704 1594 coaptata
731 1499 849 1583 esset,
877 1509 920 1564 se
943 1496 1094 1564 castam
1112 1481 1309 1591 virginem
1329 1480 1523 1592 fingebat.

333 1590 390 1674 Et
408 1620 502 1674 cum
521 1621 679 1705 sparsus
698 1608 804 1676 esset
822 1621 974 1694 rumor,
991 1591 1101 1704 qubd
1121 1590 1217 1675 Rex
1232 1590 1436 1675 Henricus
1454 1618 1526 1674 vo-

332 1703 443 1787 lebat
472 1732 564 1787 eam
592 1705 754 1806 ducere,
779 1705 929 1817 passim
960 1703 1068 1788 Galli
1097 1702 1336 1787 dictitabant
1364 1702 1553 1841 Regem.
1683 1741 1685 1746 ·

336 1816 406 1897 An
435 1815 497 1899 liae
516 1815 730 1899 ductumm
753 1845 841 1900 esse
869 1817 1022 1898 mulam
1052 1814 1178 1925 Regis
1208 1813 1360 1897 Galliae.
1417 1813 1529 1898 Ecce

333 1844 453 2037 quale
472 1941 701 2010 monstrum
716 1925 921 2010 Henricus
935 1927 1098 2027 amauit,
1112 1943 1154 2011 et
1186 1923 1525 2009 Marchionissam

334 2036 499 2138 creauit,
513 2066 710 2150 neparum
722 2037 905 2122 nobilem
917 2038 1118 2120 faeminam
1131 2037 1296 2121 duxisse
1307 2037 1523 2122 videretur.

391 2149 627 2232 Annaeum
647 2178 729 2233 non
751 2149 850 2233 dum
874 2178 929 2233 ex
957 2148 1141 2233 Henrico
1170 2149 1395 2257 masculum
1417 2176 1525 2259 gene

335 2271 454 2360 raret,
467 2288 546 2343 nec
556 2260 823 2373 imposterum
836 2275 1037 2373 speraret:
1058 2261 1268 2345 constituit
1282 2261 1458 2374 experiri
1472 2289 1525 2342 an

335 2369 413 2451 alia
430 2371 508 2472 via,
524 2400 612 2483 quae
628 2371 753 2484 Regis
765 2401 870 2457 vxor
884 2387 1003 2474 esset,
1016 2372 1138 2455 etiarn
1156 2371 1281 2483 Regis
1295 2385 1427 2456 mater
1439 2370 1525 2455 effi·

336 2481 373 2565 ci
391 2496 540 2593 posset
581 2481 754 2567 Putabat
771 2498 910 2569 autem
929 2482 1110 2568 adulteri
1133 2483 1194 2566 sui
1213 2482 1367 2568 crimen
1387 2483 1438 2567 ed
1456 2511 1526 2565 ma

334 2592 397 2786 {ig
426 2593 727 2696 occultandum,
755 2594 788 2677 si
806 2594 942 2724 potius
966 2624 1059 2678 cum
1087 2515 1209 2679 llatre
1237 2623 1311 2681 suo
1343 2593 1525 2706 Georgio

398 2702 507 2808 lenc,
525 2734 646 2817 quam
663 2734 756 2789 cum
771 2705 851 2790 abo
865 2734 952 2791 rem
966 2706 1144 2791 haberet
1177 2706 1259 2790 Sed
1277 2734 1371 2789 cum
1390 2734 1526 2818 neque

336 2843 392 2900 ex
410 2816 481 2902 illo
501 2817 695 2901 scelerato
714 2818 873 2901 incestu
890 2833 1072 2902 assecuta
1090 2833 1197 2902 esset
1214 2818 1326 2930 quod
1344 2818 1527 2900 maxime

340 2927 544 3038 cupiebat,
566 2929 684 3121 caepit
700 2928 890 3011 ⁴animum
924 2956 1042 3012 suum
1071 2930 1124 3013 ad
1150 2957 1293 3040 vagam
1312 2928 1527 3013 libidinem

328 3067 391 3123 ‘eo
409 3067 537 3149 vsque
551 3069 630 3232 app
647 3041 765 3143 icare,
794 3055 839 3124 vt
865 3040 1017 3123 multos
1046 3041 1154 3125 viros
1181 3041 1330 3154 partim
1353 3041 1527 3143 nobiles,

336 3165 379 3233 et
407 3150 555 3261 partim
575 3151 758 3262 pebeios
790 3150 834 3233 in
866 3152 1024 3264 regium
1052 3153 1217 3260 thorum
1236 3151 1457 3265 pelliceret,
1484 3168 1528 3236 et

337 3259 496 3365 carnale
530 3263 777 3346 comercium
815 3261 1021 3346 cumillis
1057 3263 1237 3348 haberet.
1265 3338 1269 3366 Ἴ,
1309 3264 1408 3358 Quae
1440 3279 1527 3348 tarn
1635 3290 1644 3308 ·

335 3371 463 3462 effusa
478 3371 619 3474 libide,
638 3401 732 3467 cum
752 3373 915 3485 Regem
933 3373 1004 3457 diu
1021 3373 1147 3458 latere
1165 3403 1250 3457 non
1268 3386 1420 3487 posset,
1438 3377 1530 3459 An·

335 3511 431 3567 nam
444 3484 749 3597 comprehendi,
762 3501 805 3569 et
818 3485 951 3599 capite
964 3483 1088 3598 plecti
1099 3486 1232 3597 jussit,
1281 3486 1528 3571 uodfactum

337 3610 399 3679 est
412 3594 480 3678 die
501 3599 563 3683 17.
583 3595 734 3679 mensis
754 3593 1112 3707 Maijann01536.
1144 3516 1308 3681 Deinde
1325 3597 1528 3710 Georgius

337 3703 517 3790 Bolenus
537 3707 670 3790 Annae
688 3705 822 3810 frater,
840 3707 1044 3792 Henricus
1063 3707 1187 3791 etiam
1206 3707 1252 3790 N
1252 3709 1419 3812 oresius,
1439 3709 1529 3793 Gu·
1646 3711 1650 3725 '

334 3814 496 3899 lielrnus
525 3817 786 3921 Bruertonus,
812 3817 849 3901 F
848 3817 1048 3902 ranciscus
1078 3816 1283 3903 Vestonus
1310 3821 1385 3904 viri
1409 3821 1530 3905 nobi-

339 3922 411 4028 les,
434 3941 477 4009 et
496 3924 659 4013 Marcus
681 3928 898 4016 Smetouus
925 3930 1116 4030 musicus,
1140 3929 1210 4041 qui
1229 3959 1374 4015 omnes
1393 3960 1449 4017 ex
1464 3961 1530 4018 re·

335 4035 405 4147 gio
419 4038 605 4125 cubiculo
619 4038 790 4149 fuerant,
801 4043 852 4128 ob
864 4041 1077 4146 incestum,
1090 4054 1133 4128 et
1147 4040 1404 4150 adulterium,
1414 4043 1529 4157 quod

330 4212 332 4215 -
1431 4183 1528 4240 cum
