3456 4734
409 336 487 416 120

350 476 472 602 aquo
492 508 583 574 non
596 489 673 573 nisi
691 488 907 592 feritatem,
919 502 962 576 et
975 486 1255 575 crudelitatem
1269 488 1312 573 in
1327 487 1533 574 subditum

268 599 270 603 ’
350 616 518 714 possent
537 629 708 732 sperare.
968 631 974 692 i
1109 644 1144 653 ··
1387 621 1391 627 “

406 715 488 815 Ah,
508 713 683 797 Hrbemi
703 713 799 817 mei,
818 725 987 828 quantas
1004 712 1196 817 feritates,
1214 725 1257 797 et
1275 712 1532 798 crudelitates

351 831 375 909 a
393 826 591 909 iudicibus
610 824 812 909 extraneis
839 823 985 938 Anglis
1012 824 1212 909 haereticis
1236 827 1393 938 experti
1412 823 1532 908 estis?

352 940 515 1033 Quanta
533 951 716 1021 extrema
733 936 904 1040 excidia,
917 951 960 1021 et
977 935 1083 1019 mala
1094 965 1257 1050 passum
1276 952 1338 1020 est
1355 952 1535 1021 vestrum

352 1048 608 1131 Catholicum
639 1045 831 1177 Regnum
869 1049 943 1133 sub
980 1047 1227 1160 alienigenis,
1256 1063 1299 1132 et
1334 1048 1535 1134 haereticis

354 1159 548 1271 Regibus,
574 1158 724 1270 alioqur
753 1171 841 1244 non
860 1187 1084 1273 passurum,
1101 1160 1134 1242 si
1155 1158 1304 1272 Reges,
1321 1175 1364 1243 et
1382 1158 1535 1245 iudices
1582 1222 1585 1229 ‚

329 1286 488 1358 essent
517 1269 735 1373 vernaculi,
758 1286 802 1356 et
829 1270 1040 1373 Catholici,
1057 1286 1102 1354 vt
1155 1300 1198 1354 ar
1226 1284 1323 1356 erat.
1380 1270 1537 1374 Nolite,
1601 1354 1604 1360 .

354 1382 545 1466 carissimi
568 1381 729 1466 Iudaeos
753 1381 902 1466 imitari
919 1381 1100 1512 petendo
1120 1301 1278 1494 Regem
1298 1382 1536 1467 haereticum

355 1510 410 1596 et,
429 1494 712 1605 alienigenam,
744 1493 817 1578 sed
852 1508 988 1607 potrus
1020 1492 1158 1606 eligite
1189 1493 1462 1595 vemaculnm‚
1495 1512 1537 1580 et

355 1605 623 1713 Catholicum,
652 1605 722 1717 qui
758 1605 930 1690 naturali
963 1604 1195 1691 clementia
1211 1633 1348 1690 causas
1385 1624 1537 1692 vestras

351 1732 461 1802 recte
480 1717 683 1800 iudicabit.
1039 1760 1041 1765 v

409 1835 460 1912 15
519 1828 688 1912 Sanctus
726 1826 900 1915 Ioannes
939 1829 1254 1940 Chrysostomus
1302 1830 1429 1916 Serm.
1470 1840 1536 1918 86.

211 2016 213 2020 .
350 1940 581 2054 ponderans
599 1938 669 2024 illa
692 1941 816 2024 verba
833 1940 979 2051 (Luoae
993 1942 1048 2052 2.)
1065 1943 1156 2023 lusu
1173 1944 1214 2025 in
1228 1944 1355 2025 dicim
1368 1946 1540 2028 Herodis

354 2056 476 2163 Regis
491 2054 594 2134 ludo
606 2053 881 2162 Sacerdoa,dc.
903 2051 967 2136 Sic
984 2052 1153 2137 vlterius
1170 2052 1312 2166 pergit.
1350 2057 1467 2166 Vsque
1485 2062 1541 2140 ad

352 2167 549 2247 Herodem
571 2165 743 2246 Iudaicae
765 2168 895 2275 gestia
920 2167 1166 2248 sacerdotalia
1181 2169 1375 2266 tanaitas,
1395 2171 1539 2251 aenium

348 2277 1160 2386 grauituapraeaidebo85iuaerutleudiuiuu.
1208 2279 1540 2363 SedHerodeave-

350 2389 1540 2499 niensecgentealieuainuoaitRegaam,uiolauitaccerdotium,

352 2501 523 2610 confudit
540 2503 721 2602 ordinem,
747 2503 908 2583 mutauit
925 2528 1057 2600 morea,
1083 2501 1201 2582 tridua
1216 2503 1376 2604 mucuit,
1401 2506 1540 2587 dclerdt

351 2625 522 2714 sternuto,
535 2614 705 2721 corrupit
713 2639 850 2721 genua,
865 2613 952 2694 tulit
961 2613 1148 2722 quidquid
1155 2624 1239 2694 erut
1248 2615 1403 2715 diuina,
1419 2629 1456 2697 et
1468 2618 1540 2697 lra-

351 2725 708 2833 monaedisciplirrae.
731 2721 837 2805 Haec
851 2720 931 2807 ille.
953 2722 1105 2806 Similia
1116 2721 1248 2806 solent
1258 2723 1390 2810 facere
1400 2727 1540 2811 alieni-

351 2862 483 2945 genae,
506 2835 770 2946 extraneique
792 2834 958 2937 iudices,
976 2848 1019 2918 et
1033 2832 1182 2942 Reges,
1200 2835 1363 2946 quando
1377 2837 1538 2922 clauum

352 2944 774 3059 tenentReipublicae.
823 2945 973 3029 Nullus
986 2944 1264 3031 Hibemorum
1277 2962 1339 3031 est
1349 2947 1539 3033 dummo-

353 3056 408 3140 do
427 3058 517 3141 haec
534 3055 656 3170 legat,
678 3073 721 3141 et
740 3055 952 3169 intelligat,
979 3058 1048 3170 qui
1068 3057 1174 3140 clare
1192 3084 1276 3139 non
1296 3058 1539 3147 videatrer·

352 3170 405 3253 ba
433 3169 557 3254 relata
586 3168 867 3280 chrysostomi
896 3168 1103 3280 aptissime
1131 3196 1252 3298 posse
1284 3173 1539 3256 accomodari

354 3296 495 3363 nostro
527 3279 741 3365 Hiberniae
761 3278 921 3392 Regno,
949 3278 1216 3392 Reipublrcae,
1245 3297 1288 3366 et
1304 3281 1539 3368 hominibus

355 3395 430 3475 sub
461 3392 706 3503 Anglicano,
734 3390 950 3522 alienoque
976 3389 1150 3504 imperio
1168 3393 1446 3497 existentibus,
1473 3398 1540 3481 vel
1651 3427 1654 3432 ·

213 3595 216 3600 μ
354 3503 441 3615 ipsa
459 3533 510 3587 ex
541 3503 712 3589 orientia
730 3501 963 3588 mortalium
981 3505 1172 3616 magistra
1189 3519 1304 3590 teste.

411 3623 462 3700 16
559 3644 640 3718 em,
664 3644 786 3727 quam
811 3614 1106 3728 prosequimur,
1133 3630 1232 3728 apto
1257 3618 1449 3730 exemplo
1468 3619 1540 3704 de-

355 3725 522 3810 clarauit
553 3727 721 3811 Sanctus
751 3725 941 3839 Synesius
968 3726 1011 3808 in
1039 3725 1143 3811 libro
1161 3727 1215 3811 de
1234 3727 1381 3841 Regno
1400 3730 1540 3814 admo-

355 3866 457 3922 nens
477 3837 708 3950 Principem
730 3865 859 3924 suum.
888 3837 1027 3948 Neque
1036 3839 1359 3954 interccnea(qui
1372 3869 1538 3954 gregem

356 3951 535 4061 seruant)
551 3952 633 4060 lapi
646 3950 857 4033 collocandi
867 3951 1039 4051 mutuli
1049 3953 1147 4033 esaim
1157 3953 1363 4038 inconibus
1373 3956 1540 4064 aliqum

354 4063 655 4164 imbecillitates,
667 4073 738 4145 out
749 4063 948 4175 mucium
962 4090 1038 4145 erae
1049 4066 1243 4168 muniat,
1254 4068 1379 4150 dulim
1390 4069 1430 4148 iu
1444 4069 1542 4168 illos,

359 4244 360 4247 a
1398 4191 1540 4289 etgra-
