1054 1258
776 71 803 92 87

260 110 386 135 Methodius,
393 110 425 130 vel
433 109 540 135 Ethodius,
547 110 654 135 secundus,
662 110 708 131 Rex
715 111 747 131 28.
757 110 830 131 Scotiae

232 140 295 159 horno
305 145 369 166 prope
379 138 471 166 stupidus
481 137 529 158 fuit:
544 142 599 159 certe
606 138 733 159 lanouidiore
740 138 830 166 ingenio,

232 174 293 194 quam
310 167 342 186 cui
359 170 401 186 tam
416 166 489 186 ferocis
507 166 578 193 populi
597 173 632 186 mo
647 166 711 187 eratio
732 167 828 187 conueni-

233 199 269 215 ret.
297 194 344 217 Quo
355 193 497 214 animaduerso
507 194 605 221 primores
618 194 698 214 collecti
708 202 755 222 erga
764 202 829 222 genus

233 222 312 250 Optimi
327 221 416 249 Fergusij
432 221 495 249 Regis
507 229 531 242 ea
541 222 570 242 vsi
580 222 701 247 reuerentia,
711 226 733 243 vt
742 223 829 248 homini,

233 250 363 278 quantumuis
380 250 460 277 ignauo,
474 256 551 270 nomen
564 250 647 277 quidem
663 250 751 278 Regium
768 250 828 271 relin—

233 281 324 306 querentq
330 277 437 305 praefectos
447 281 515 298 autem
524 277 607 305 singulis
615 277 742 305 Regionibus
750 278 828 304 darent,

232 307 267 333 qui
275 306 305 326 ius
313 306 409 326 dicerent.
424 305 501 325 Eorum
508 305 605 333 equitate,
612 309 633 326 et
640 306 781 327 moderatione
788 306 829 327 fac-

232 338 276 354 tum
294 337 331 358 est,
345 337 367 353 vt
377 340 481 361 nunquam
495 341 527 353 res
539 333 614 354 scotica
628 333 688 354 fuerit
702 334 827 362 tranquilior.

234 362 279 382 Nec
290 362 344 382 enim
359 361 433 381 delicta
444 365 524 381 tantum
536 361 654 389 puniebant,
664 361 700 382 sed
710 361 773 389 Regis
783 369 830 382 aua-

232 390 298 410 ritiam
309 393 449 413 coercuerunt,
471 389 555 416 opulum
563 389 673 410 liberando.
691 389 738 410 Rex
745 390 828 410 tandem

233 418 341 445 vigessimo
356 417 423 445 prirno
467 417 572 444 agistratus
589 424 643 437 anno
659 417 780 438 familiarum
796 422 828 438 tu-

233 445 299 466 multu
309 445 386 465 occisus
397 448 433 465 est.
461 444 503 465 Iste
512 445 550 465 fuit
561 445 691 465 Christianus.

262 474 347 493 Athirco
358 473 404 493 Rex
418 473 537 500 vigessimus
547 480 613 493 nonus
624 473 705 498 Scotiae,
719 473 777 494 initio
785 474 829 501 qui-

233 502 281 521 dem
298 501 364 521 bonus
380 500 475 528 Princeps
490 500 534 525 suit,
550 501 672 528 eximiaeque
681 501 829 526 beneficentiae,

233 529 365 549 humanitatis
380 532 401 549 et
416 528 540 549 fortitudinis
555 529 651 556 exempla
660 529 722 550 dedit.
752 529 829 550 Verum

234 564 281 577 cum
294 561 352 577 aetate
363 557 385 577 in
398 556 446 577 vitia
453 556 570 581 deflectens,
583 556 685 584 profunda
694 557 783 582 auaritia,
793 558 831 578 irae

234 585 314 610 cundia,
320 585 406 609 luxuria,
412 584 490 610 inertia,
496 584 588 605 omnium
595 585 696 605 bonorum
701 585 767 605 studia
772 586 830 606 breui

234 614 259 634 ab
270 620 291 633 se
301 613 378 633 auertit.
408 612 500 633 Tandem
516 612 625 633 Nathaloci
639 612 729 634 hominis
738 613 830 641 apprime

234 641 308 662 nobilis
317 641 368 661 filias
378 641 523 669 constupranit,
538 644 559 661 et
567 640 634 668 flagris
644 648 703 661 caesas
715 642 777 662 seruis
789 642 830 662 suis

234 669 343 697 prostituit.
366 669 434 692 Quare
443 668 583 689 coniuratione
592 668 704 689 nobilitatis
713 669 771 694 facta,
781 669 831 689 frus-

235 702 265 718 tra
278 704 300 717 se
313 697 364 717 tueri
380 701 470 721 conatus,
484 704 496 717 a
508 696 548 716 suis
558 697 620 717 etiam
634 697 732 722 desertus,
746 704 831 718 manum

235 725 273 746 sibi
283 725 357 749 intulit,
367 724 490 745 duodecimo
501 724 568 752 Regni
578 732 638 745 anno.
661 724 702 745 Hic
710 725 779 745 extitit
785 725 831 745 finis

236 753 354 773 Athirconis
371 752 435 780 Regis
449 752 569 773 Christiani:
584 753 610 773 sit
624 752 686 773 etiam
700 752 746 773 finis
761 760 832 774 exem-

235 781 315 809 plorum
332 780 413 808 Regum
429 780 499 801 Scotiae
509 780 568 801 nobis
579 780 618 801 hic.
634 780 675 803 Qui
684 780 743 808 plura
752 780 831 802 deside-

235 813 271 834 rat,
281 808 373 829 consulat
383 808 491 834 Leslaeurn,
505 808 644 833 Bucananum,
657 812 678 829 et
688 808 788 829 Azorium
798 816 831 829 su-

251 844 272 857 ra
282 836 359 857 citatos.

262 866 287 885 91
320 864 383 891 Angli
402 863 520 884 Eduardum
540 864 652 885 secundum
668 864 748 892 Regem
766 871 832 890 suum,

236 894 262 913 ob
278 899 334 912 suam
352 892 373 912 in
386 892 560 912 administratione
574 892 655 920 publica
667 892 768 917 inertiam,
784 892 832 913 alia-

235 928 275 948 que
285 920 384 940 demerita
395 919 467 947 Regno
477 920 588 947 priuarunt,
597 924 618 941 et
627 920 649 940 in
659 927 761 940 carcerem
770 920 831 941 mise-

235 952 283 969 runt
292 948 326 968 vbi
337 947 419 968 tandem
430 947 507 968 occisus
515 952 552 973 est,
561 952 582 968 et
589 948 632 969 eius
639 947 704 968 filium
712 947 831 969 Eduardum

236 976 335 1000 Tertium,
352 975 504 1002 quatuordecim
520 976 578 996 annis
594 980 665 996 natum
682 975 764 1003 Regem
777 976 831 997 fece-

236 1008 288 1025 runt.
301 1003 413 1031 Polydorus
421 1003 516 1031 Virgilius
525 1003 547 1024 in
556 1003 640 1025 historia
653 1003 783 1052 AnglicaGlib.
799 1005 830 1036 l8.

752 1039 832 1059 eorgius
