3456 4734
314 317 368 397 96

295 511 297 514 .
318 468 413 553 Rex
430 465 596 552 tandem
614 462 847 580 properauit
872 462 924 549 ad
952 475 1119 566 metam,
1145 476 1190 549 vt
1217 463 1310 550 Deo
1338 479 1456 551 ante-

265 594 366 667 actae
385 579 480 663 vitae
497 578 696 662 rationem
715 575 915 661 redderet.
957 573 1186 687 AEgrotauit
1203 605 1315 689 ergo,
1331 591 1375 660 et
1391 577 1456 660 in-

265 703 528 806 grauescente
546 690 705 791 morbo,
731 714 825 771 curn
853 688 905 770 ab
932 685 1073 770 amicis
1092 688 1144 771 de
1162 687 1328 772 instanti
1346 714 1458 772 mor-

267 805 320 886 tis
347 800 526 916 periculo
554 800 853 900 admoneretur,
878 813 1060 910 pateram
1087 798 1172 882 vini
1200 798 1280 883 albi
1295 823 1457 928 popos-
1506 806 1509 812 ’

268 917 337 1017 cit,
353 914 499 1014 hausit,
513 925 554 997 et
568 911 681 995 dixit
716 913 854 996 Omnia
859 911 1108 1020 perdidimus,
1121 925 1165 995 et
1177 939 1316 994 verum
1333 909 1456 1011 drxit;

268 1054 362 1109 cum
381 1023 662 1137 temporalem,
679 1039 722 1107 et
739 1037 933 1106 aeternam
952 1020 1077 1104 vitam
1125 1021 1326 1106 erdider'it
1370 1021 1462 1105 Sta-

266 1138 423 1250 timque
453 1136 565 1245 obijt,
601 1151 644 1219 et
675 1135 726 1217 ad
757 1133 909 1216 Orcum
939 1130 1087 1217 descen
1118 1132 1149 1216 ‘t
1181 1133 1191 1150 ⁶
1221 1133 1283 1215 nis
1315 1132 1462 1217 aeterni

267 1249 396 1333 factus
409 1246 620 1360 pabulum.
660 1243 849 1329 Mortuus
877 1259 942 1329 est
966 1241 1170 1328 Henricus
1222 1243 1380 1337 ,oudini
1407 1243 1464 1326 ad
1500 1345 1502 1348 Α

270 1360 457 1472 quintum
495 1357 697 1460 Kalendas
734 1354 770 1437 F
769 1357 938 1466 ebruarij
975 1357 1106 1440 aetatis
1137 1385 1217 1440 suae
1254 1382 1363 1455 anno
1391 1360 1461 1439 56.

127 1559 131 1567 ,
272 1471 420 1555 Christi
455 1497 553 1553 vero
593 1474 710 1553 1546.
737 1495 819 1578 quo
861 1468 983 1552 etiam
1020 1465 1208 1580 'tempore
1253 1464 1475 1551 Lutherus·
1545 1469 1547 1472 ⁴

269 1598 453 1666 mortuus
471 1580 594 1664 estin
616 1578 848 1681 Germania,
875 1577 995 1664 etad
1022 1577 1172 1662 inferos
1200 1578 1275 1663 iuit
1301 1579 1464 1664 aetemis

267 1693 482 1779 tormentis
501 1690 747 1775 cruciandus.
805 1688 1022 1801 Vtriusque
1048 1689 1225 1775 haeretici
1252 1717 1360 1774 mors
1388 1717 1461 1772 orn

154 1828 158 1836 ·
268 1806 389 1891 nibus
406 1803 527 1889 bonis'
541 1802 767 1916 gratissima
790 1802 876 1886 suit
907 1800 1008 1885 Haec
1035 1801 1088 1887 de
1116 1800 1299 1888 Henrico
1326 1802 1463 1886 breui-

268 1930 331 2000 ter
348 1915 459 2000 dicta
476 1914 557 1998 sint
574 1915 678 1999 satis
729 1914 809 2008 Qui
826 1913 941 2025 plura
959 1912 1172 2015 desiderat,
1198 1912 1308 2025 legat
1334 1913 1462 1998 histo·

269 2028 375 2113 ricos
394 2025 567 2139 Anglos,
593 2025 814 2138 prasertim
832 2024 1051 2108 Nicolaum
1082 2024 1304 2109 Sanderum
1331 2023 1400 2108 lib.
1425 2030 1461 2108 1.

269 2138 323 2224 de
343 2138 565 2223 Schismate
585 2137 827 2246 Anglicano,
845 2151 888 2220 et
905 2135 1171 2220 Edmundum
1192 2135 1461 2248 Campianum

272 2249 315 2332 in
335 2248 579 2333 Narratione
598 2247 772 2358 Diuortij
793 2246 963 2331 Henrici
998 2246 1113 2330 VIIL
1145 2250 1195 2332 ab
1228 2276 1356 2332 vxore
1386 2247 1464 2332 Ca-

270 2361 442 2463 tharina,
469 2372 511 2444 et
528 2362 578 2443 ab
597 2358 779 2443 Ecclesia
798 2357 986 2442 Romana
1003 2359 1268 2443 discessionis.
1514 2368 1517 2373 '
1549 2382 1554 2389 ·

324 2479 379 2557 93
407 2470 472 2555 Ex
505 2469 653 2583 Regno
690 2469 830 2553 Daniae
866 2470 1030 2583 aliquod
1067 2471 1301 2584 exemplum
1339 2472 1464 2584 assig-

272 2613 369 2668 nare
387 2583 493 2667 volo.
516 2582 770 2667 Christernus
789 2580 883 2665 Rex
896 2581 1051 2684 Daniae,
1071 2582 1228 2685 Suetiae,
1247 2602 1288 2668 et
1299 2584 1342 2667 N
1344 2612 1465 2667 orue-

269 2695 346 2808 giae
363 2695 517 2809 primus
536 2691 699 2804 Regum
719 2689 945 2777 Matrinum
963 2692 1191 2777 Lutherum
1215 2694 1461 2806 flagitiosum

257 2810 531 2919 'Apostatam,
576 2819 619 2889 et
663 2804 954 2888 haerisiarcham
1001 2821 1161 2889 secutus
1209 2806 1463 2890 Catholicam

273 2916 532 3029 Religionem
569 2915 757 3000 deseruit
787 2916 892 3029 ,Sed
929 2945 1013 3000 non
1046 2915 1176 3001 multo
1207 2933 1302 3030 post
1333 2917 1465 3001 tribus

272 3027 427 3140 Regnis
446 3041 591 3112 exutus
610 3029 634 3110 a
652 3027 745 3128 suis,
772 3041 815 3112 et
831 3029 856 3110 a
873 3056 1103 3112 successore
1121 3029 1280 3112 vinctus
1298 3028 1341 3111 in
1372 3029 1463 3113 Cla-

170 3197 173 3201 -
270 3140 386 3224 thara
404 3167 528 3235 cauea
538 3139 589 3222 ad
602 3153 778 3224 mortem
792 3168 918 3251 vsque
929 3139 1129 3224 detentus
1161 3138 1269 3225 Iuste
1281 3139 1470 3253 quidem,

272 3251 343 3334 vix
361 3251 486 3352 enim,
503 3264 574 3334 aut
591 3279 644 3334 ne
662 3251 732 3333 vix
750 3249 916 3363 quidem
935 3249 1043 3334 aliud
1062 3251 1215 3336 crimen
1227 3250 1392 3364 reperiri
1405 3281 1465 3364 po

270 3376 353 3446 test
369 3362 529 3474 dignius
539 3361 768 3475 priuatione
779 3360 913 3472 offich,
930 3362 1148 3474 drgnrtatrs,
1166 3378 1207 3449 et
1222 3364 1325 3464 vitae,
1338 3390 1463 3474 quam

151 3570 154 3580 .
271 3472 444 3576 haeresis,
466 3504 553 3587 quae
572 3474 709 3586 serpit,
736 3487 781 3556 vt
799 3502 955 3576 cancer,
977 3489 1192 3586 totumque
1211 3472 1463 3586 Reipublicae

272 3613 321 3668 co
371 3615 418 3668 us
437 3585 669 3697 corrumpit.
727 3582 862 3679 Quare
883 3585 1060 3669 haeretici
1088 3586 1130 3668 in
1159 3587 1273 3670 omni
1302 3583 1465 3697 Regno,

183 3754 185 3759 ,
272 3710 315 3780 et
375 3696 573 3808 epublica,
602 3695 822 3800 Catholica,
849 3712 891 3782 et
909 3699 1015 3783 bene
1034 3695 1217 3781 ordinata
1235 3697 1330 3809 igne
1348 3725 1464 3782 corn·

270 3806 361 3890 buri
391 3806 536 3910 solent,
562 3837 615 3894 ne
647 3807 746 3892 alios
775 3809 963 3894 homines
994 3838 1064 3891 sua
1096 3809 1339 3921 contagione
1370 3810 1467 3894 infi-

272 3918 392 4020 ciant,
434 3933 477 4004 et
511 3934 701 4006 aeternam
733 3919 1038 4007 damnationem
1069 3922 1305 4034 perducant.
1360 3920 1476 4044 Tun·¹

196 4120 198 4124 ,
272 4029 436 4121 sellinus
455 4030 522 4118 lib.
545 4038 607 4118 10.
626 4059 717 4146 pag.
737 4038 830 4118 598.

1247 4149 1302 4229 94
1332 4144 1466 4231 Geor·
