3456 4734
345 316 402 402 70

290 473 384 560 Deo
401 472 609 586 loquendo
628 469 681 556 de
700 469 793 584 lege
818 470 1038 558 ordinaria:
1068 500 1179 588 ergo,
1210 473 1283 557 &a
1339 469 1482 562 Minor

145 670 147 674 ,
287 590 491 699 probatur.
515 627 518 631 <
547 584 647 668 Non
668 612 743 697 per
767 584 984 696 specialem
998 583 1080 670 Dei
1094 587 1360 686 voluntatem,
1387 587 1484 699 quia

287 699 377 782 talis
395 695 684 782 voluntasnon
703 708 769 779 est
785 695 988 805 reuelato,
1002 697 1067 781 vel
1093 698 1192 781 nota
1217 695 1323 781 iacta
1347 697 1483 783 homi·

155 908 157 913 ¹
240 847 241 850 Ν
286 809 416 896 nibus.
492 807 585 892 Nec
603 809 727 913 etiam
745 807 807 910 ius
830 808 1017 893 naturale
1029 836 1109 939 per
1127 838 1170 893 se
1194 808 1351 910 dictat,
1376 808 1484 894 hano

284 935 530 1052 potestatem
560 920 711 1005 debere
743 939 832 1003 esse
858 919 901 1002 in
933 918 1129 1032 Regibus.
1184 918 1485 1032 Nec'denique

285 1033 500 1134 institutio,
544 1030 610 1116 vel
644 1030 933 1134 determinatio
969 1031 1133 1135 diuina,
1165 1032 1235 1117 vel
1276 1031 1485 1117 translatio

283 1145 404 1229 huius
422 1143 633 1257 potestatis
651 1145 675 1226 a
691 1141 799 1245 Deo,
825 1141 1061 1227 immediate
1085 1142 1191 1227 facta
1222 1157 1285 1227 est
1302 1143 1367 1226 ad
1398 1143 1482 1230 Re-

283 1285 367 1370 ges,
394 1272 439 1340 vt
456 1284 509 1339 ex
526 1284 600 1352 vsu
613 1254 703 1384 ipso
722 1254 827 1338 clare
846 1268 1014 1337 constat.
1073 1255 1244 1368 Alioqui
1258 1253 1353 1367 talis
1366 1255 1484 1342 iusti·

179 1424 185 1434 ,
282 1369 388 1453 tutio
406 1366 669 1450 immutabihs
687 1380 806 1468 esset,
833 1381 890 1449 et
907 1367 1042 1449 omnis
1069 1366 1241 1450 mutatio
1260 1366 1310 1448 in
1329 1367 1484 1452 eafae-

282 1493 323 1563 ta
348 1482 398 1564 ab
426 1479 660 1562 hominibus
689 1491 796 1561 esset
826 1475 882 1559 ini
911 1499 974 1560 ua.
1005 1476 1123 1561 »Imo
1153 1470 1480 1591 omniaRegna,

284 1590 556 1704 Respublicae‚
591 1602 633 1673 et
664 1588 858 1672 Ciuitates
884 1505 1087 1704 deberent
1116 1590 1288 1695 eandem
1303 1590 1481 1674 :institu-

281 1702 439 1788 tionem
458 1730 630 1803 seruare‚
658 1729 743 1783 non
769 1700 879 1784 enim
899 1715 1006 1784 esset
1030 1696 1159 1785 maior
1177 1701 1361 1786 'ratio-de
1381 1730 1481 1802 vua,

309 1843 403 1897 uam
422 1813 475 1898 de
493 1813 582 1916 alia,
603 1812 704 1925 >quia
721 1840 801 1894 vna
821 1811 1066 1925 Respublica
1083 1813 1329 1924 nonmagis,
1385 1826 1479 1898 uam

280 1845 357 2010 dia
387 1924 513 2019 talem
530 1925 702 2036 'accepit
733 1923 1032 2009 institutionem
1065 1924 1286 2008 ex‘1diuina
1303 1953 1344 2010 o
1395 1925 1480 2009 ‘na-

278 2036 404 2121 tione.
427 2125 430 2133 f
458 2036 733 2150 Restate'rgo,
759 2049 804 2114 vt
820 2035 1129 2119 haectinstitutio
1149 2036 1201 2119 sit
1219 2037 1418 2138 humana,
1430 2053 1479 2123 et

279 2150 329 2232 ab
358 2148 592 2232 hominibus
623 2146 861 2230 immediate
889 2146 1020 2230 facta:
1059 2174 1157 2260 ergo
1170 2151 1267 2260 „per
1288 2144 1478 2234 bomines

174 2293 176 2300 ¹
278 2260 515 2344 immediate
531 2258 652 2342 datur
674 2258 1076 2370 potestas-Regibus,
1104 2287 1277 2371 quorum
1303 2259 1478 2370 dignitas

278 2369 352 2483 per
368 2411 373 2424 ·
387 2370 496 2454 illam
530 2369 828 2475 institutionem
862 2386 1004 2454 creata·
1027 2371 1107 2472 esc,
1128 2369 1305 2455 mediate
1337 2387 1476 2459 autem

277 2481 465 2568 diciturd
482 2511 576 2568 eo
591 2480 688 2564 'data
704 2482 992 2594 haec‘pote'sta's
1019 2480 1213 2594 Regibus,
1238 2483 1335 2594 quia
1360 2481 1476 2591 Deus

275 2594 385 2679 illam
416 2593 530 2678 dedit
556 2592 796 2689 immediate
815 2593 994 2706 pondo,
1021 2595 1102 2706 qui,
1118 2607 1223 2677 eam
1238 2593 1280 2676 in
1313 2593 1472 2705 Regem

129 2712 134 2719 ’
196 2794 197 2800 Ν
273 2705 490 2806 transtulit,
514 2719 561 2790 'et
578 2703 816 2818 ipse-'Deus'¹
830 2706 1045 2789 'consentit'
1062 2705 1157 2788 huic
1182 2704 1433 2796 translationi
1452 2707 1477 2789 a

139 3286 142 3294 ’
253 3283 256 3290 ’
269 3263 422 3376 gitimis
440 3262 692 3375 principibus
707 3261 933 3347 obediatur.

204 2825 211 2838 ‘
273 2817 428 2932 populo
464 2817 594 2918 factae,
626 2815 744 2915 villam
773 2831 827 2900 ue
863 2817 1074 2931 approbat,
1110 2822 1163 2900 et·
1187 2817 1337 2900 seruari
1372 2815 1471 2905 vult

275 2928 631 3025 Quemadmodum
656 2927 726 3011 lex
747 2845 936 3012 bumana
966 2927 1202 3041 immediate
1231 2927 1385 3039 obligat
1406 2955 1472 3019 ⁴ex

273 3040 482 3127 voluntate
517 3038 711 3154 principis
743 3039 924 3130 humani*
944 3038 1110 3125 ferentis
1135 3038 1273 3141 illam,
1288 3038 1473 3127 ¹mediate·

270 3179 369 3237 vero
387 3151 540 3263 obligat
559 3151 680 3234 etiam
700 3164 754 3234 ex'
771 3151 982 3236 voluntate
1007 3150 1088 3235 Dei
1119 3151 1307 3252 volentis,
1337 3165 1389 3252 vt,
1414 3151 1472 3236 le-

959 3284 962 3291 ι

325 3375 464 3459 Tertio
487 3376 692 3486 probatur,
725 3388 819 3486 qula
843 3388 907 3458 est
935 3371 1088 3457 clarum
1121 3373 1320 3467 indicium
1348 3333 1470 3465 huius

269 3487 469 3589 veritatis,
491 3499 536 3569 vt
553 3484 672 3597 regia·
686 3498 976 3598 pot'efsftas'non
1002 3486 1053 3568 sit
1074 3485 1240 3598 aequalis
1265 3486 1310 3568 in
1332 3487 1471 3576 onini-

266 3598 343 3681 bus
363 3597 556 3710 Regibus,
587 3624 725 3709 neque
747 3613 844 3680 cum'
861 3595 1015 3682 eisdem
1032 3597 1360 3710 proprietatibus,
1392 3599 1467 3683 du-

266 3709 446 3811 rationis,
464 3723 507 3794 et
521 3708 799 3811 successionis,
826 3711 898 3792 &c
930 3706 1041 3790 Nam
1060 3709 1104 3792 in
1122 3709 1364 3821 quibusdam
1385 3708 1469 3798 Ra
1604 3768 1607 3774 «

265 3822 383 3933 gibus
419 3837 481 3905 est
509 3825 688 3932 potestas
728 3816 1002 3921 Monarchica,
1039 3820 1465 3930 in.alijs·vero.cu1u

266 3929 904 4034 mistioneAristocraticae'vel‘de
934 3930 1465 4019 endentiaeasenatuetiam

264 4042 398 4155 quoad
417 4057 512 4128 vota
530 4041 719 4147 decisiua,
749 4043 815 4130 vel
834 4043 887 4130 de
916 4042 1057 4146 nitiua,
1086 4043 1230 4128 saltem
1259 4043 1302 4127 in
1322 4042 1465 4239 alizuie

266 4193 271 4209 ⁴
1416 4184 1464 4240 us
