3456 4734
222 305 377 416 'to

265 457 442 540 Iificieei
459 458 645 540 Palatius
654 457 750 561 libro
764 462 792 538 4
805 455 1123 541 aconiti-accitus
1134 488 1218 568 cop.
1225 464 1263 542 9.
1272 457 1470 565 §.dicerint

264 571 398 678 igitur,
416 575 452 651 et
473 571 546 678 aiij
563 571 671 677 opud
684 567 855 652 Sancitez
872 573 1078 671 citandum,
1096 583 1133 653 et
1144 573 1252 679 opud
1269 574 1468 651 Gntierres

265 683 362 762 libro
377 689 415 764 3.
430 685 544 791 capit.
559 684 622 765 76
635 709 737 764 num.
754 687 788 763 1.
801 692 838 763 et
856 684 959 765 olion
982 685 1080 767 Item
1094 685 1298 764 Bonacina
1311 677 1410 762 torno
1429 686 1468 761 2.

180 891 181 896 Ν
265 794 445 900 disputet.
466 801 504 876 3.
524 795 572 875 de
595 794 856 876 Contrantnn
873 806 1002 903 quest.
1025 799 1059 875 1.
1074 806 1219 904 puncto
1235 801 1272 876 3.
1296 791 1328 898 §.
1350 801 1388 876 3.

323 909 379 986 49
417 904 600 988 Secunda
637 905 840 988 sententia
878 905 1050 988 aliorum
1078 906 1317 988 Doctorum
1357 917 1472 987 tenet

239 1024 240 1030 ‘
268 1029 499 1099 contractus
516 1016 630 1127 graui
658 1032 773 1100 metu
792 1015 924 1099 initos
944 1017 1090 1119 valere,
1121 1047 1209 1101 esse
1228 1032 1366 1100 tamen
1384 1014 1471 1097 irri-

268 1127 426 1209 tandos.
446 1130 618 1210 Actione.
644 1131 758 1226 Quod
774 1141 894 1210 metus
907 1157 1036 1212 causo.
1063 1130 1259 1213 Probatur
1276 1128 1361 1209 haec
1381 1153 1473 1208 sen-

268 1240 397 1322 tentia
415 1240 562 1350 primo,
584 1270 630 1320 en
648 1242 672 1321 1.
692 1246 726 1322 1.
734 1241 786 1348 ff
805 1243 853 1322 de
871 1269 914 1323 eo
930 1243 1034 1350 qnod
1044 1255 1162 1324 metus
1175 1267 1306 1339 conso,
1323 1242 1388 1340 ibi,
1415 1241 1471 1319 ait

269 1351 430 1450 Proetor,
449 1353 554 1459 quoti
563 1365 683 1434 metus
697 1379 815 1434 conso
825 1364 973 1462 gestum
984 1356 1068 1453 erit,
1085 1366 1213 1436 ratum
1226 1379 1302 1433 non
1317 1351 1470 1432 iubebo.

268 1460 349 1544 Vbi
369 1464 541 1570 verbum
568 1461 692 1545 futuri
711 1463 908 1574 temporis
937 1490 1021 1547 non
1040 1465 1242 1577 significat
1271 1492 1359 1546 esse
1378 1462 1470 1574 ipso

268 1575 355 1656 iure
384 1572 556 1675 irritum,
584 1575 656 1658 sed
688 1574 943 1678 irritandum,
974 1591 1019 1658 vt
1049 1604 1143 1660 cum
1177 1573 1317 1656 multis
1350 1573 1483 1662 docet¹

272 1687 564 1795 Titoquettcst.
574 1690 607 1768 si
620 1715 798 1796 nnqnnrn.
814 1689 940 1769 Verbo.
950 1690 1183 1771 Renertitnn
1195 1714 1294 1768 nunt.
1304 1691 1368 1767 39.
1386 1713 1472 1792 cop.

270 1801 318 1880 de
344 1799 564 1880 reuocando
591 1802 719 1882 donat.
780 1796 836 1880 Et
861 1799 956 1910 quia
979 1798 1127 1883 Praetor
1145 1797 1331 1912 promisit
1351 1796 1476 1878 actio·

269 1936 381 2009 nem,
408 1937 482 1991 seu
500 1911 801 2022 exceptionem,
829 1926 874 1993 vt
892 1927 1007 2010 metu
1024 1925 1140 2021 gesta
1158 1907 1417 1993 rescinderet.

328 2019 517 2103 Secundo
534 2051 583 2103 en
595 2025 746 2128 tsinaii
756 2025 872 2130 capit.
889 2027 938 2104 de
951 2025 1006 2105 bis
1019 2051 1105 2132 qne
1116 2026 1167 2123 ni,
1185 2024 1248 2103 ibi.
1287 2022 1476 2102 Venditio-

269 2161 348 2231 nes,
366 2134 600 2233 donationes,
617 2137 906 2235 trinsoctioneS,
920 2136 1302 2243 qnaeperpotentinnt
1314 2144 1480 2214 entortcc

270 2255 368 2344 sunt,
375 2246 624 2352 precipimus
641 2248 848 2353 inflnnan3
868 2244 966 2357 ergo
986 2248 1173 2358 quamuis
1188 2244 1361 2345 valeant,
1380 2243 1476 2324 iuris

272 2369 413 2438 temen
432 2354 615 2439 remedio
633 2356 884 2440 infirmandae
903 2372 1009 2440 sunt.
1301 2426 1303 2430 1

329 2465 472 2549 Tertio
491 2495 543 2550 ex
563 2497 655 2580 cap,
671 2470 813 2552 Abbas
831 2469 884 2552 de
912 2469 989 2571 his,
1016 2495 1109 2582 quae*
1132 2470 1185 2569 vi,
1213 2470 1255 2551 in
1284 2468 1380 2567 fine,
1407 2465 1475 2548 ibi.

131 2644 135 2653 .
276 2579 373 2673 Qun
388 2591 502 2680 metu,
520 2583 730 2690 etniflnnt,
747 2583 796 2661 cte
808 2583 893 2663 inre
910 2584 1045 2664 debent
1062 2585 1102 2664 in
1120 2585 1270 2664 initum
1288 2581 1476 2661 reuocari.

278 2688 438 2773 Omitto
466 2690 559 2774 alia·
575 2690 674 2793 iura,
705 2693 981 2804 probationes,
1009 2710 1052 2777 et
1079 2693 1230 2775 multos
1263 2691 1479 2789 Doctores,

274 2829 377 2911 quos
392 2830 471 2913 pro
489 2802 569 2887 hac
588 2803 792 2887 sententia
815 2804 926 2904 citat,
945 2820 988 2887 et
1007 2804 1187 2916 sequitur
1202 2806 1373 2886 Sanciez
1391 2814 1476 2883 torn.

275 2917 310 2995 1.
323 2914 372 2994 de
385 2914 637 2998 Matrimonio
649 2918 745 3025 disp.
762 2922 799 2998 8.
815 2921 893 2997 n4.
912 2919 1110 2998 Gntierres
1123 2920 1259 2998 citctm
1269 2941 1426 2995 numero
1438 2917 1476 2993 2.

273 3024 431 3106 Lenius
444 3027 540 3108 libro
550 3032 587 3108 3.
603 3029 651 3110 de
664 3029 818 3110 Iustitia
832 3021 995 3138 capvt·
1008 3031 1239 3111 dubitatione
1253 3035 1290 3111 6.
1307 3026 1479 3135 loquen-

272 3148 336 3220 tes
354 3165 449 3220 cum
466 3135 778 3222 limitationibus
797 3139 903 3223 circa
921 3139 1079 3251 aliquos
1099 3153 1340 3223 contractus.

329 3254 385 3348 50
433 3251 493 3332 At
509 3249 718 3361 loquendo
737 3250 791 3334 de
809 3252 897 3334 iure
920 3251 1074 3352 diuino,
1103 3265 1146 3334 et
1169 3249 1354 3350 naturali,
1383 3276 1478 3331 vera
1589 3360 1592 3362 Ι

276 3362 478 3444 sententia
524 3361 647 3445 docet
684 3376 914 3445 con-tractus
950 3364 1064 3472 graui
1102 3377 1216 3446 metu
1254 3361 1478 3443 celebratos

277 3499 366 3554 esse
384 3472 519 3555 irritos
536 3473 626 3585 ipso
645 3473 733 3556 iure
752 3472 907 3574 diuino,
935 3491 978 3557 et
991 3474 1174 3557 naturali.
1232 3471 1369 3555 Primo
1385 3469 1480 3581 quia

276 3581 524 3693 quicumque
552 3598 783 3668 contractus
801 3584 1002 3668 violenter
1021 3586 1260 3686 celebratus
1296 3612 1380 3666 non
1404 3609 1479 3693 po-

275 3705 358 3775 test
376 3722 464 3777 esse
481 3710 717 3807 perpetuus,
745 3695 788 3780 et
811 3696 952 3779 firmus
976 3697 1089 3782 iuxta
1116 3696 1230 3799 illud,
1256 3697 1376 3778 Nihil
1400 3695 1480 3775 vio-

274 3805 416 3886 lentum
434 3816 490 3887 est
501 3821 752 3916 perpetuum:
783 3836 881 3919 ergo
910 3808 1066 3891 coactio
1095 3823 1295 3920 repugnat
1323 3820 1479 3887 naturae

215 3983 219 3990 .
277 3929 520 4019 contractus,
539 3919 1050 4031 acperconsequensillum
1064 3919 1245 4002 irritabit
1278 3915 1481 4015 Secund0,

277 4027 371 4135 quia
390 4029 525 4112 omnis
544 4031 707 4115 traditio
725 4060 801 4142 per
821 4059 942 4143 quam
972 4030 1210 4116 transfertur
1237 4029 1482 4127 dominium,

1355 4139 1479 4222 debet
1563 4187 1568 4196 «
