3456 4734
334 503 481 556 nnores
496 474 593 556 libro
607 482 646 558 3.
659 476 773 583 capit
790 479 829 556 2.
846 481 884 557 3.
900 486 936 556 et
950 480 1017 557 23.
1035 488 1072 556 et
1088 476 1185 558 libro
1199 482 1236 559 6.
1256 503 1343 584 cap.
1357 479 1397 556 4.
1410 475 1529 557 Moli·

334 598 485 666 παίωνι.
503 588 1246 695 1.άεὶηεΐὶ1ἰαάὶιρ.23.ά26.άίοπιό.
1259 589 1525 695 tract.5.da'sp.

335 705 373 779 3.
381 699 543 779 Azania
554 710 639 779 torn
647 704 685 780 2.
694 700 965 781 innuamus
975 700 1175 780 monam
1184 700 1248 796 lib.
1261 705 1323 779 ll.
1336 727 1421 807 cup.
1436 703 1475 781 5.
1489 728 1526 806 q.

334 814 372 888 9.
385 810 643 890 Bellormiaus
659 823 757 892 turno
773 812 1265 892 l.controueraiurumlibro
1278 816 1314 894 5.
1326 813 1375 892 ale
1387 811 1527 892 Romo

333 949 383 1001 no
399 923 599 1028 Poauifice‚
621 951 707 1030 cup.
731 930 769 1003 8.
799 937 842 1005 et
860 921 901 1004 in
920 922 1187 1034 responsione
1205 919 1257 1003 ad
1277 920 1525 1032 Apologiam

335 1029 473 1115 Iacobi
490 1031 616 1143 Regis
633 1031 804 1144 Angliae,
821 1062 911 1138 quae
920 1032 1094 1116 habetur
1106 1045 1193 1115 tom.
1208 1037 1246 1119 7.
1262 1060 1418 1141 opernm
1430 1034 1528 1112 eiua

334 1144 418 1223 dem
434 1145 655 1226 Cardenus
662 1147 818 1254 pagina
831 1148 925 1230 701.
937 1156 974 1226 et
985 1144 1267 1254 aeqiaetttibuab
1287 1152 1326 1226 8.
1342 1145 1445 1252 quod
1451 1180 1465 1239 ,·
1484 1160 1527 1224 et

334 1254 376 1334 in
409 1269 581 1337 tractatu
608 1255 662 1338 de
693 1270 896 1368 potestate
925 1256 1081 1337 Summi
1114 1255 1321 1339 Pontificis
1352 1256 1395 1336 in
1422 1269 1529 1338 tem·

333 1365 539 1476 puralibus
567 1365 760 1450 aduersus
789 1366 1043 1459 Gulielmum
1075 1366 1314 1469 Barclaium,
1337 1380 1381 1450 et
1404 1365 1527 1449 habe-
1674 1471 1678 1476 1

334 1491 400 1558 tur
431 1492 554 1563 ¹tomo
586 1482 626 1564 Ἰ.
657 1478 806 1590 pagina
842 1486 925 1589 830
951 1494 996 1563 et
1031 1479 1307 1591 sequentibus,
1332 1476 1402 1561 vbi
1429 1477 1527 1560 citat

333 1587 437 1671 vltra
463 1589 721 1701 septuaginta
752 1589 930 1700 insignes
964 1590 1187 1691 Authores,
1213 1618 1388 1702 quorum
1402 1587 1526 1670 'multi

333 1697 498 1784 filerunt
515 1731 600 1785 non
619 1701 753 1785 solnm
771 1730 920 1813 magna
939 1702 1150 1814 sapientia,
1177 1702 1393 1785 sedetiam
1412 1729 1527 1782 sano-
1590 1794 1594 1801 .

332 1811 462 1913 titate,
494 1828 537 1896 et
574 1812 778 1897 miraculis
804 1813 975 1926 prediti,
1000 1831 1046 1897 et
1072 1814 1150 1925 alij
1167 1813 1326 1925 magnis
1353 1811 1527 1922 dignita·
1677 1844 1680 1848 ·

332 1922 455 2023 tibus,
486 1923 654 2036 alijsque
676 1923 806 2008 titulis
830 1922 1093 2027 'ornatissimi
1120 1953 1225 2036 quos
1252 1953 1332 2035 ego
1350 1924 1418 2008 hic
1436 1925 1529 2009 bre·

333 2033 470 2116 uitatis
503 2065 623 2120 causa
644 2036 804 2119 omitto.
839 2033 970 2119 Vnus
994 2063 1071 2149 pro
1094 2037 1234 2119 multis
1262 2034 1409 2118 sufficit
1438 2037 1528 2127 an-

333 2143 489 2254 gelicus
518 2145 675 2231 Ductor
701 2147 758 2231 ibi
777 2146 923 2232 citatus
942 2177 1036 2231 cum
1056 2149 1138 2233 suis
1166 2146 1385 2259 discipulis
1444 2148 1528 2242 Aca

335 2273 544 2341 cesserunt
560 2276 705 2371 postea
723 2259 804 2370 alij,
820 2274 867 2342 vt
886 2259 1135 2343 Guilielmus
1154 2259 1343 2342 Rossaeus
1363 2260 1405 2340 in
1424 2256 1528 2350 libro

334 2365 387 2451 de
398 2371 510 2477 justa
524 2369 775 2484 Reipublicae
799 2370 1035 2465 Christianaef
1062 2372 1105 2454 iu
1135 2371 1271 2482 Reges
1296 2371 1459 2482 impios,
1486 2387 1528 2452 et

163 2469 168 2480 ’
332 2478 542 2565 haereticos
571 2482 839 2567 authoritates
873 2482 1129 2573 Sebastianus
1151 2484 1280 2567 caesar
1305 2483 1348 2563 in
1378 2480 1527 2566 Relec-

333 2589 449 2677 tione
464 2593 520 2678 de
547 2592 834 2678 Ecclesiastica
860 2592 1106 2687 Hierarchia.
1128 2600 1162 2676 l.
1182 2609 1298 2707 parte
1317 2592 1466 2704 disput.
1491 2601 1524 2675 l.

333 2701 387 2787 de
402 2703 595 2794 Romano
613 2703 813 2790 Pontifice
827 2705 861 2813 §.
877 2711 917 2789 5.
931 2706 1000 2789 vbi
1020 2734 1181 2788 summa
1194 2704 1449 2804 eruditione,
1463 2733 1529 2790 so—
1591 2747 1593 2751 ’

332 2814 495 2928 lidaque
528 2818 752 2903 subtilitate
776 2832 971 2918 nostrum
1019 2816 1283 2912 demonstrat
1309 2816 1526 2899 intentum.

331 2923 370 3007 F
369 2931 571 3016 ranciscus
590 2929 783 3023 Valascus
801 2927 947 3013 citatus
969 2935 1004 3012 l.
1018 2959 1059 3042 p.
1077 2929 1109 3037 ᾗ,
1128 2935 1162 3010 l.
1177 2934 1215 3010 2.
1231 2943 1274 3013 et
1287 2935 1326 3020 3.
1345 2927 1381 3008 F
1380 2926 1529 3010 rancis-

334 3066 406 3121 cus
419 3040 473 3125 de
487 3040 697 3135 Mendoca
709 3039 1319 3152 tomossiulibrumlffiegum
1333 3068 1381 3123 ca
1411 3045 1470 3121 .8.
1484 3067 1525 3119 n.

332 3155 370 3232 5.
392 3153 434 3235 in
454 3154 713 3266 expositione
738 3151 865 3236 literae
891 3152 926 3260 «ᾗ.
959 3158 1023 3236 15.
1080 3151 1282 3252 Andreas,
1300 3067 1527 3234 Euilaemon

333 3261 564 3351 Ioannes-in
579 3263 765 3378 Epistola
775 3261 1058 3358 monitoriaad
1073 3263 1272 3348 Ioannem
1288 3259 1527 3360 Barclaium,

331 3404 420 3487 quae
433 3375 606 3468 habetur
624 3393 741 3469 tomo
765 3377 807 3461 7.-
822 3404 850 3458 ο
880 3401 997 3461 erum
1021 3374 1258 3459 Bellarmini
1277 3373 1411 3487 pagin.
1431 3378 1523 3456 998.

332 3503 374 3570 et
393 3489 657 3600 sequentibus
674 3406 878 3598 vsqueasi
904 3491 1021 3573 1027.
1051 3478 1209 3571 Doctor
1238 3483 1447 3568 Antonius
1475 3481 1528 3564 de

334 3598 468 3684 Souna
495 3602 538 3684 in
562 3630 634 3686 sua
657 3598 868 3693 Lusitania
887 3597 1057 3684 liberata
1103 3598 1269 3681 roaemio
1288 3603 1324 3678 2.
1348 3595 1380 3703 §.
1401 3600 1439 3679 2.
1459 3622 1526 3677 nu.

332 3715 397 3793 23.
426 3728 470 3797 et
501 3711 786 3824 sequentibus,
807 3707 1044 3794 Franciscus
1068 3628 1219 3818 Ereyre
1252 3709 1295 3792 in
1320 3704 1527 3818 Apologia

332 3821 524 3925 veritatis,
552 3838 595 3908 et
622 3821 783 3906 iustitia
809 3848 922 3904 num.
951 3827 1017 3905 23.
1046 3835 1089 3905 et
1117 3819 1379 3932 sequentibus
1398 3818 1530 3935 citans*
1690 3929 1692 3933 Α

332 3937 431 4034 iura,
449 3949 492 4020 et
510 3933 726 4019 Doctores.
866 3956 869 3964 '

387 4053 442 4134 75
472 4045 689 4133 Veniendo
726 4027 839 4158 ergo'
863 4045 917 4129 ad
951 4043 1129 4129 rationes
1166 4070 1356 4157 suppono
1392 4040 1527 4233 pqimo

932 4186 934 4190 ·
1443 4178 1528 4234 am-
