1054 1258
779 60 806 79 69

234 96 314 117 omitto.
338 95 419 117 Probari
430 99 499 124 potest
513 96 557 116 haec
571 96 645 117 ueritas
659 96 725 124 primo
740 104 766 118 ex
783 98 832 119 San—

234 124 270 144 ctis
285 124 376 145 Patribus
391 124 455 145 citatis
469 125 481 144 Ξ
497 124 565 144 Soario
580 124 647 150 citato,
662 125 697 152 qui
711 132 765 153 saepe
780 133 831 147 asse-

233 156 280 173 runt
294 152 399 172 hominem
414 153 425 172 a
439 152 485 173 Deo
499 152 560 172 fuisse
574 156 663 172 creatum
678 153 796 181 ingenuum,
811 159 831 175 et

233 179 325 205 liberum,
342 180 447 207 solumque
462 180 563 207 accepisse
577 181 588 200 ἃ
602 180 648 201 Deo
663 180 780 202 immediate
794 189 831 209 po-

233 212 327 228 testatem
341 208 459 228 dominandi
474 208 537 228 brutis
552 207 677 233 animalibus,
696 213 716 229 et
733 209 831 230 inferiori-

233 236 270 256 bus
279 236 344 256 rebus.
373 235 492 256 Domiuium
502 239 570 256 autem
580 235 686 256 hominum
701 237 721 256 in
737 237 830 258 homines

231 271 267 291 per
277 263 386 284 humanam
396 263 528 288 voluntatem,
542 263 574 284 vel
584 270 620 291 per
629 263 710 291 aliquod
717 269 830 292 peccatum,

232 291 263 312 vel
283 291 370 319 aliquam
388 291 530 312 uniuersitatem
551 291 612 312 fuisse
630 291 773 313 introductum.
803 293 829 314 Et

231 319 286 347 quod
307 319 373 340 Sancti
393 318 492 339 Doctores
511 319 537 339 de
553 319 646 340 libertate
660 320 718 340 vnius
732 321 829 348 cuiusque

232 347 326 372 hominis,
340 351 361 368 et
375 347 471 367 seruitute
483 347 511 367 illi
522 347 615 375 opposita
628 347 699 368 dicunt
713 348 784 368 eadem
799 356 829 369 ra-

231 375 287 396 tione
301 375 321 395 in
336 382 422 403 persona
436 375 495 395 mista
509 375 567 395 vnius
581 375 738 400 communitatis,
752 376 829 404 Reipu-

231 403 289 423 blicae
298 403 330 423 vel
341 402 432 423 Ciuitatis
442 403 537 423 humanae
548 410 618 423 verum
629 403 695 424 habet.
720 404 772 427 Quia
781 411 829 432 pro-

231 435 253 451 ut
262 431 274 451 ὲ
284 430 329 452 Deo
339 430 456 451 immediate
470 430 552 458 regitur,
566 430 608 451 iure
623 434 700 451 naturae
714 431 777 452 libera
791 436 827 456 est,

230 463 251 479 et
261 459 290 479 sui
300 459 359 479 iuris:
374 465 419 486 quae
429 458 509 479 libertas
519 465 561 478 non
571 458 666 484 excludit,
680 458 715 479 sed
723 459 790 487 potius
797 460 828 480 in-

230 486 293 507 cludit
311 490 433 514 potestatem
452 486 535 513 regendi
550 493 571 507 se
587 486 657 514 ipsam,
676 490 697 507 et
715 487 827 515 imperandi

230 515 325 535 membris
335 515 375 535 suis
381 523 387 539 ;
401 514 491 535 excludit
500 518 568 534 autem
578 514 724 535 subiectionem
733 515 758 535 ad
766 515 827 535 alium

230 542 342 567 hominem,
370 546 453 562 uantum
469 546 500 562 est
514 549 540 562 ex
553 542 573 562 vi
588 542 649 562 solius
663 542 758 563 naturalis
773 543 827 568 iuris,

230 571 277 598 quia
296 570 346 591 nulli
377 570 469 590 ominum
488 569 545 590 Deus
561 570 678 590 immediate
692 570 749 591 dedit
764 571 825 591 talem

229 602 363 626 potestatem:
377 598 443 618 donec
452 605 489 625 per
498 597 653 623 institutionem,
662 598 694 618 vel
704 598 826 619 electionem

230 627 340 647 humanam
353 626 374 647 in
381 626 469 654 aliquem
476 625 611 651 transferatur,
625 625 650 646 In
664 633 705 654 quo
721 633 780 647 sensu
797 627 827 647 in-

229 654 292 682 telligi
307 654 368 675 debet
381 654 464 675 celebris
477 653 511 674 illa
524 654 590 674 Sancti
603 654 712 681 Augustini
726 655 827 675 sententia

229 683 280 703 libro
287 685 305 703 3.
314 682 463 703 confessionum
471 689 513 709 cap.
522 683 540 702 8.
548 681 582 702 vbi
590 681 623 702 sic.
649 682 826 709 Generalepactum

228 714 255 731 est
261 711 354 731 societatis
360 710 448 730 humana»
454 710 528 730 obedire
536 710 618 736 Regibus
624 710 667 730 suia.
687 709 725 730 Per
730 717 776 737 quae
783 717 827 731 ver-

228 739 254 759 ba
273 738 372 765 significat
389 745 411 758 re
425 737 467 758 ium
485 737 628 765 principatum,
649 741 670 758 et
688 738 825 758 obedientiam

229 766 257 786 illi
267 766 363 791 debitam,
377 766 411 786 fun
427 769 531 786 amentum
541 765 615 786 habere
630 765 651 785 in
681 769 726 786 acto
742 766 826 786 societa-

229 794 254 814 tis
264 794 358 814 humanae
368 801 391 814 ac
400 793 486 821 proinde
496 800 538 813 non
547 800 591 814 esse
601 793 664 813 imme
679 793 719 814 iate
729 801 755 814 ex
769 794 825 814 insti-

228 822 307 842 tutione
323 821 369 846 Dei,
385 821 432 849 quia
446 821 558 841 humanum
574 824 656 848 pactum
673 821 761 841 humana
777 828 825 842 con-

229 850 314 870 trahitur
323 849 434 874 voluntate,
448 853 470 869 vt
479 855 551 869 omnes
560 848 617 869 fateri
625 848 706 869 debent.

257 877 350 898 Secundo
360 877 461 905 probatur.
490 876 544 896 Nam
554 876 588 896 illa
597 880 685 904 potestas
695 876 768 897 dicitur
782 884 826 898 esse

228 907 249 926 in
262 905 329 933 aliquo
339 904 456 926 immediate
466 905 477 925 ὲ
487 904 539 929 Dec»,
553 911 599 931 quae
612 911 649 932 per
661 904 725 925 solam
740 904 779 925 Dei
791 912 826 925 vo-

228 934 334 958 luntatem,
347 932 380 953 vel
390 940 417 953 ex
426 932 446 952 vi
455 932 516 952 solius
531 932 614 952 rationis
629 932 730 958 naturalis,
743 932 775 953 vel
791 932 825 952 ali-

228 961 284 981 cuius
303 960 378 981 diuiuoe
387 960 518 981 institutionis
528 960 553 980 ad
562 959 619 980 illum
627 960 731 988 peruenit:
746 960 781 981 sed
789 967 825 988 po-

229 993 290 1010 testas
302 988 357 1016 regia
371 988 427 1009 nullo
442 995 467 1009 ex
477 987 508 1008 his
518 987 583 1008 modis
593 987 639 1008 data
649 992 684 1009 est.
713 988 804 1036 Regibsss
813 988 825 1008 ὲ

794 1023 827 1040 eo,
