3456 4734
394 305 450 383 90

338 472 541 569 tempore,
572 481 654 566 quo
686 454 854 567 pacifice
887 482 980 537 cnm
1010 468 1138 538 v'xore
1156 454 1387 552 cathnina
1407 481 1526 538 com-

339 568 653 668 morabamur
673 566 798 680 ipsius
818 565 990 678 Reginae
1003 566 1171 669 ancillis,
1200 596 1311 651 nunc
1327 567 1441 669 duas,
1462 566 1527 648 in-

233 738 240 746 ·
340 679 504 766 terdum
520 693 610 765 tres
621 678 940 765 concubinarum
958 677 1254 780 locohabebat,
1270 678 1411 790 inquo
1429 707 1527 791 pec·

341 791 421 884 cati
437 818 589 903 genere
606 809 691 874 tam
710 790 772 875 sui
796 818 958 902 semper
977 790 1181 904 impotens
1199 790 1347 893 extitit,
1374 805 1419 875 vt
1430 817 1528 873 mu·

340 903 460 988 lieres
487 931 635 1014 paucas
661 902 912 1016 pulchriores
939 901 1098 1004 viderit,
1138 932 1238 1015 quas
1266 932 1352 985 non
1379 929 1531 984 concu-

341 1013 475 1128 pierit,
492 1030 537 1099 et
546 1016 813 1143 paucissimas
826 1014 1228 1127 oencupiuenaquss
1246 1042 1330 1096 non
1348 1013 1529 1096 violaue-

340 1126 404 1209 rit.
453 1125 639 1210 Conlecit
657 1127 780 1211 etiarn
793 1126 935 1210 oculos
949 1126 992 1207 in
1010 1126 1191 1211 nobilem
1205 1125 1412 1209 faeminam
1426 1153 1529 1207 vxo-

342 1266 430 1321 rem
449 1236 623 1320 Thomae
643 1237 786 1322 Boleni
805 1236 953 1350 equitis
971 1238 1112 1339 aurati,
1129 1266 1252 1351 quam
1273 1252 1318 1322 vt
1344 1265 1531 1319 commo-

341 1348 433 1432 dius
459 1347 640 1450 haberet,
667 1378 715 1433 ea
743 1380 796 1434 ue
822 1349 988 1434 liberius
1005 1348 1216 1451 fineretur,
1243 1349 1380 1463 speeie
1396 1349 1531 1432 hono·

342 1461 397 1542 ris
425 1459 629 1545 Thomam
658 1462 701 1545 in
763 1461 940 1546 ranciam
973 1476 1166 1574 tanquam
1194 1461 1392 1545 nuncium
1420 1458 1531 1544 able-

342 1571 465 1765 gpuit.
517 1569 703 1655 ¹Thomas
720 1590 816 1658 ante
833 1573 1056 1658 discessum
1074 1602 1195 1658 vnsm
1214 1572 1340 1656 filiam
1359 1572 1530 1654 nomine

243 1709 247 1718 ’
343 1744 364 1764 .
395 1683 521 1767 ariam
541 1683 740 1769 Bolenam
758 1715 810 1770 ex
829 1685 1003 1797 coniuge
1022 1700 1262 1798 susceperat.
1306 1683 1402 1796 Ipso
1430 1710 1530 1793 ergo

343 1797 525 1896 absente,
554 1794 647 1878 Rex
665 1825 758 1879 cum
781 1798 948 1908 praefata
978 1826 1101 1880 vxore
1123 1797 1375 1887 cornemium
1403 1795 1531 1877 habe-

341 1907 425 2008 bat,
442 1922 486 1991 et
504 1935 556 1989 ex
575 1936 624 1990 ea
640 1908 784 2018 genuit
800 1909 939 2009 filiam,
957 1909 1022 1991 cui
1033 1937 1186 1992 nomen
1202 1905 1531 2020 impositumsnit

345 2019 470 2099 Anna
490 2016 654 2102 Boleris.
697 2019 877 2104 Thomas
895 2034 988 2132 post
1006 2020 1217 2105 biennium
1237 2022 1261 2104 ὲ
1280 2018 1450 2105 Francia
1468 2047 1532 2102 re-

343 2128 473 2230 diens,
500 2156 593 2212 cum
613 2131 1013 2227 audiuisset-vxorem
1028 2160 1141 2214 suam
1166 2133 1372 2244 peperisse
1393 2129 1533 2228 filiam,

344 2267 435 2323 eam
455 2240 680 2352 repudiare,
695 2243 759 2328 vel
779 2243 1007 2327 interficere
1025 2243 1198 2327 volebat
1242 2241 1392 2327 Mulier
1409 2241 1530 2326 huius

342 2351 401 2433 rei
420 2353 634 2436 certiorem
653 2354 830 2439 reddidit
848 2354 1021 2468 Regem,
1049 2355 1118 2467 qui
1141 2355 1392 2440 strictissime
1419 2351 1531 2435 Tho-

344 2490 424 2545 mae
441 2465 650 2576 praecepit,
676 2483 721 2548 vt
738 2467 854 2549 vxori
873 2481 1068 2581 parceret,
1086 2484 1129 2552 et
1149 2471 1315 2551 Annam
1334 2482 1528 2577 tanquam

343 2574 469 2657 filiam
489 2575 693 2678 educaret,
720 2576 844 2689 quod,
869 2594 913 2664 et
939 2579 1036 2663 fecit
1062 2579 1210 2664 timore
1238 2593 1460 2709 correptus,
1488 2593 1532 2660 et

294 2704 296 2717 ·
342 2687 480 2769 vxoris
489 2687 733 2791 humilitate,
742 2706 786 2775 et
795 2691 983 2800 lacrymis
994 2707 1240 2776 commotus:
1259 2690 1406 2779 multer
1416 2688 1531 2772 enim

343 2796 385 2878 in
405 2826 539 2908 genua
559 2803 834 2929 procumbens
862 2804 1029 2912 rogabat
1056 2803 1188 2886 virum
1215 2818 1261 2887 vt
1288 2802 1364 2886 sibi
1391 2827 1532 2913 parce-

342 2925 419 3010 ret,
446 2939 539 2993 cum
558 2938 645 3023 rpsa
665 2912 770 3024 Regi
791 2911 921 3022 (cuius
947 2912 1030 2996 filia
1059 2930 1145 3001 erat
1174 2914 1314 3043 Anna)
1343 2913 1531 2998 resistere
1612 3003 1615 3009 ,

342 3020 601 3111 nonvaleret.
624 3022 734 3116 Quid
744 3023 989 3136 plurclRex
999 3040 1188 3129 matrem,
1199 3042 1242 3111 ct
1251 3025 1392 3128 filiam,
1402 3021 1531 3106 Mari·

342 3160 409 3214 am
424 3132 578 3218 scilicet
593 3135 790 3223 Bolenarn
802 3137 1040 3237 successise,
1052 3137 1282 3241 carnaliter,
1298 3152 1343 3222 et
1354 3137 1534 3234 incestu-

344 3271 416 3327 ose
430 3246 634 3356 cognouit
655 3246 820 3331 Etcum
835 3246 1006 3334 Henrici
1023 3247 1170 3332 domus
1184 3249 1306 3361 plens
1319 3265 1426 3334 esset
1437 3245 1533 3359 per-

343 3353 551 3439 ditissimis
569 3357 818 3462 hominibus,
836 3359 975 3472 quales
1005 3379 1123 3446 erant
1149 3362 1358 3463 aleatores,
1376 3359 1533 3446 adulte-

342 3466 390 3568 ri,
407 3467 590 3572 lenones,
602 3468 766 3581 periuri,
780 3471 1020 3584 blasphemi,
1032 3500 1210 3584 rapaces,
1223 3489 1266 3557 et
1278 3470 1474 3574 haeretici,
1486 3472 1530 3554 in

341 3592 405 3662 ter
423 3608 525 3691 quos
549 3581 684 3665 extitit
707 3583 873 3693 quidam
900 3583 1068 3696 insignis
1097 3586 1266 3669 nomine
1286 3585 1330 3668 F
1330 3584 1533 3669 rauciscus

342 3687 524 3794 Brianus,
549 3707 593 3776 et
615 3695 861 3804 cognomine
882 3693 1063 3779 Vicarius
1083 3695 1230 3786 inferni
1251 3695 1377 3780 Hunc
1406 3696 1531 3779 inter-

340 3803 499 3911 rogauit
518 3803 624 3907 Rex,
670 3803 761 3889 uale
778 3810 1006 3919 peccatum,
1033 3806 1238 3891 videretur
1256 3824 1429 3893 matrem
1447 3807 1531 3919 pri·

341 3937 470 4015 mum,
480 3914 629 4000 deinde
640 3834 765 3999 liliam
777 3923 1042 4028 cognoscere?
1059 3918 1298 4031 Respondet
1309 3917 1460 4003 nebtdo
1472 3918 1532 4002 sa-

342 4037 464 4108 cetus.
483 4027 593 4132 Tale,
605 4030 734 4132 oller,
748 4032 863 4140 quale
871 4031 1062 4141 gallinam
1064 4033 1232 4143 primum
1240 4033 1378 4116 deinde
1379 4032 1532 4160 pullum

336 4221 343 4234 ,
644 4180 646 4186 ·
1066 4207 1070 4212 .
1450 4169 1532 4225 eros
