3456 4734
320 340 429 417 30¹

265 490 389 575 trauit
406 488 602 602 diploma,
620 515 702 598 quo
719 484 879 597 Anglis,
898 501 940 571 et
954 487 1121 600 praefato
1141 484 1247 597 Regi
1268 484 1456 571 Henrico

267 600 477 685 Hibemiae
487 596 782 684 administratio
793 594 1025 699 tollebatur;
1040 613 1221 684 ceterum
1234 621 1455 710 antequam

267 709 1539 820 inHiberniarnvmrijssetffliernclausitextremrnnin⁴

268 822 416 907 Galliae
434 823 573 937 opido,
595 820 788 951 Augentij
809 821 918 935 apud
940 821 1166 907 Ecclesiam
1188 820 1343 907 Sanctae
1362 817 1454 904 Ma-

265 935 333 1016 riae
354 933 698 1046 Rothomageusrs
715 931 904 1017 diaecesis.
943 933 1043 1016 Eius
1056 933 1181 1017 vitam
1196 933 1362 1045 pietate,
1379 935 1454 1016 bo·

266 1044 330 1128 nis
348 1045 553 1157 operibus,
567 1061 610 1128 et
623 1042 826 1128 miraculis
843 1044 1008 1157 plenam
1023 1045 1104 1128 late
1119 1043 1193 1127 scri
1225 1059 1307 1129 tarn
1323 1070 1453 1174 aper·

39 1203 43 1209 ·
195 1260 198 1265 .
266 1172 431 1241 uetusto
460 1158 649 1241 Authore
677 1153 862 1240 inueniet
889 1156 1018 1241 lector
1045 1156 1154 1268 apud
1246 1171 1453 1239 urentrum

270 1269 432 1354 Surium
451 1284 567 1353 tomo
586 1277 623 1352 6.
645 1267 712 1350 die
730 1272 791 1349 14.
808 1267 1071 1367 Nouembris,
1089 1266 1226 1378 inqua
1244 1267 1368 1375 etiam
1387 1266 1454 1350 die

268 1380 355 1465 eius
384 1380 599 1465 transitum
626 1378 745 1492 ponit
772 1376 993 1463 Cardinalis
1027 1376 1155 1462 Caesar
1187 1379 1382 1462 Batonius
1412 1379 1455 1460 in

269 1486 566 1603 Martyrologio
598 1491 803 1591 Roman0,
834 1492 947 1575 etin
976 1491 1057 1574 suis
1086 1491 1362 1573 notationibus
1381 1489 1457 1572 ibi·

260 1602 376 1688 dem.
425 1603 525 1687 Eius
554 1603 677 1685 etiam
709 1601 867 1687 Sanctae
896 1603 1001 1704 vito,
1033 1618 1076 1686 et
1102 1601 1286 1712 gloriosae
1314 1602 1456 1684 mortis

267 1743 343 1825 per
361 1715 539 1827 elegans,
557 1730 600 1797 et
617 1716 743 1797 breue
757 1712 916 1824 scripsit
929 1714 1110 1826 elogium
1125 1712 1353 1797 Richardus
1371 1715 1456 1810 Sta·
1492 1791 1496 1804 ,

268 1827 475 1911 nihurstus
493 1826 561 1908 lib.
580 1831 617 1906 4.
638 1825 690 1910 de
711 1823 851 1909 Rebus
874 1826 916 1907 in
937 1824 1137 1909 Hibernia
1154 1826 1291 1935 gestis,
1308 1825 1456 1937 pagina
1526 1881 1529 1890 2

178 1937 180 1941 ’
271 1943 361 2022 191.
378 1953 421 2022 et
435 1937 710 2048 sequentibus,
723 1935 907 2020 indicans
921 1937 1008 2021 eius
1022 1950 1198 2020 mortem
1210 1937 1332 2020 fuisse
1347 1964 1455 2018 anno

272 2053 390 2132 1184.
422 2047 529 2137 Vide
543 2050 667 2132 etiam
682 2049 715 2131 si
729 2047 877 2159 placet,
895 2076 987 2159 quae
1006 2049 1117 2132 idem
1132 2048 1295 2131 Author
1313 2048 1366 2132 de
1384 2047 1456 2129 illo

269 2159 369 2242 dicit
387 2156 456 2243 lib.
476 2168 514 2242 3·
534 2161 680 2271 pagina
712 2165 802 2244 106.
851 2156 1062 2244 Honorius
1082 2159 1242 2243 Tertius
1264 2160 1456 2243 Summus

270 2271 468 2356 Ecclesiae
487 2270 631 2353 Praesul
661 2273 702 2354 in
734 2270 975 2356 Sanctorum
1007 2269 1294 2355 Confessorum
1314 2297 1459 2353 nume-

173 2445 175 2450 >
270 2411 360 2466 rum
381 2382 519 2467 retulit
534 2383 652 2465 illum
681 2382 855 2467 decimo>
870 2382 931 2466 sul
964 2381 1228 2468 Pontificatus
1247 2406 1369 2480 anno,
1388 2382 1457 2493 qui

269 2495 347 2578 fuit
364 2519 494 2577 annus
524 2493 673 2578 Christi
696 2499 814 2580 1226.
863 2494 969 2581 Vide
997 2494 1148 2578 bullam
1172 2495 1458 2578 01111οηί11111-

268 2609 332 2690 nis
365 2607 490 2718 ipsius
519 2606 656 2688 datam
689 2604 757 2690 die
789 2606 1006 2692 andecimo
1035 2607 1188 2690 mensis
1216 2605 1456 2719 Decembris

269 2745 378 2800 anno
398 2746 529 2830 supra,
557 2740 645 2828 quae
673 2718 846 2802 habetur
872 2732 988 2802 tomo
1012 2723 1046 2799 1.
1096 2716 1258 2828 Bullarij
1280 2715 1457 2800 Romani

268 2859 359 2941 pag.
380 2835 448 2932 82,
466 2846 509 2914 et
527 2839 592 2913 83.
612 2828 713 2912 illud
734 2830 858 2914 etiam
880 2829 1273 2941 pretermittendum
1294 2856 1378 2910 uon
1398 2830 1457 2911 vi·
1530 2849 1533 2854 ’

270 2939 402 3042 detur,
432 2941 586 3026 scilicet
624 2940 785 3052 Regem
814 2941 930 3024 illum
961 2940 1190 3026 Henricum
1222 2939 1456 3024 Secundum
1595 2942 1598 2946 ’

267 3051 455 3181 impium,
484 3068 717 3162 tyrannum,
743 3067 787 3137 et
814 3049 1022 3138 cmdelem
1060 3051 1273 3136 hominem
1307 3051 1454 3134 fuisse:

268 3191 421 3277 qurppe
440 3166 509 3275 qui
528 3164 636 3247 inter
654 3163 733 3248 alia
752 3163 904 3249 scelera
922 3192 1007 3264 sua,
1025 3192 1114 3276 quae
1132 3164 1261 3246 multa
1278 3163 1455 3263 fuerunt,

265 3300 461 3386 magnum
476 3274 576 3358 illud
591 3275 810 3377 commisit,
824 3274 923 3358 dum
938 3274 1128 3386 vsqueud
1143 3290 1320 3359 mortem
1334 3274 1456 3359 fuerit

265 3403 502 3496 persecutus
520 3386 624 3470 duos
642 3387 853 3499 praeclaros
874 3386 1077 3500 praesules,
1096 3415 1248 3499 nempe
1265 3385 1456 3470 Thoman

268 3497 601 3584 cantuariensem
646 3498 1016 3611 Archiepiscopum
1055 3495 1280 3609 Martyrem
1307 3498 1458 3610 glorio-

267 3634 371 3712 sum,
396 3625 438 3694 et
457 3609 726 3694 Laurentium
756 3608 1056 3696 Dublinensem
1086 3608 1456 3723 Archiepiscopum

268 3720 554 3808 Confessorem
578 3722 784 3823 Sanctum,
794 3720 925 3806 filiurn
940 3720 1150 3807 cuiusdam
1166 3720 1305 3833 Regis,
1319 3734 1363 3805 et
1375 3719 1458 3811 Re.-

265 3832 370 3940 ginae
383 3831 605 3935 Hiberniae,
619 3831 672 3919 de
686 3832 826 3945 quoin
839 3832 924 3917 uita
937 3861 1058 3947 supro
1071 3832 1180 3947 apud
1196 3832 1354 3917 Surium
1370 3860 1457 3944 cap.

267 3947 331 4024 31.
350 3972 440 4136 pag.
459 3950 552 4028 322
575 3938 620 4027 in
635 3942 818 4029 editione
835 3944 1016 4030 colonie
1029 3944 1240 4059 Agripinae
1255 3969 1319 4028 an.
1337 3950 1455 4030 1575.
1607 4031 1613 4039 ,

268 4067 310 4136 et
329 4053 369 4136 in
390 4055 467 4140 aia
485 4055 668 4142 editione
688 4055 842 4143 ibidem
861 4083 970 4141 anno
993 4062 1113 4145 1531.
1131 4053 1266 4168 pagin.
1286 4061 1380 4250 35111.
1388 4057 1458 4250 lpic

1364 4196 1387 4250 a
1417 4197 1458 4251 e-
