1054 1258
775 72 813 92 115

234 110 304 131 bernia
314 109 465 131 sub'Gulielino
475 109 550 130 Drurio
560 110 629 137 Anglo
638 110 735 131 haeretico
745 115 766 131 et
779 117 826 138 pro-

234 139 292 166 Rege
311 138 332 158 in
352 138 457 163 Hibernia,
476 142 525 158 cum:
541 138 596 158 socio
604 148 606 150 ·
615 138 718 159 sacerdote
740 138 825 159 Conatio

234 166 320 186 Ruarco.
350 165 403 186 Illud
412 166 510 186 memoria
518 165 606 193 dignum-
611 170 648 191 est,
657 166 711 193 quod
718 173 764 187 cum
775 166 825 186 Pm-

233 194 263 214 sul
273 193 310 214 iste
320 194 341 214 in
350 193 420 214 vltima
427 194 541 214 xitmhura
554 193 594 214 iam
608 194 760 221 suspendendus
777 201 825 215 con-

233 222 347 242 cionaretur
356 221 381 242 ad
390 221 489 249 populum
505 221 632 249 pro-Regem
646 222 761 243 haereticum
778 229 824 250 pro-

233 250 314 270 uocauit
321 249 346 270 ad
354 249 442 270 tribunat
449 249 548 274 diuinum,
558 253 579 270 et
583 249 655 270 sistere
662 249 719 270 iussit
724 250 824 270 rationem

233 277 358 298 redditurum
368 277 420 298 intra
430 277 545 305 quindecim
562 277 606 298 dies
619 277 724 305 proximos
739 285 824 305 sequen-

233 310 263 326 tes
273 305 350 326 iniustae
357 306 460 326 sententiae
471 308 541 325 contra
548 312 570 325 se
577 305 709 337 Episcopum,
714 310 735 326 et
743 306 824 326 Socium

233 333 357 353 sacerdotem
367 333 514 361 pronunciatae:
531 333 585 360 quod
595 337 616 353 et
625 333 672 354 fecit
681 333 766 353 Drurius
780 340 824 354 mo-

233 361 286 382 riens
296 361 435 382 miserabiliter
445 361 478 382 die
490 363 520 381 l4.
530 361 555 381 ab
564 361 599 382 illo
610 360 649 386 die,
658 361 679 381 in
689 368 729 389 quo
740 361 780 381 duo
795 361 824 381 illi

233 389 336 409 clarissimi
353 389 389 409 viri
404 389 425 409 in
442 389 512 409 caelum
533 388 673 409 conuolarunt:
707 389 824 410 Sulleuanus

233 421 282 437 tom.
293 418 311 437 2.
322 417 355 437 lib.
366 418 384 437 4.
395 424 437 445 cap.
450 418 480 436 11.
490 424 535 444 pag.
544 418 576 437 90.
584 416 673 438 referens
678 416 716 437 alia
724 417 823 438 miracula.

233 445 322 465 Thomas
334 445 441 465 Hier-lanus
451 444 564 472 Episcopus
575 444 643 465 Rossae
653 444 742 465 Londini
755 445 790 465 diu
803 445 824 465 in

232 479 311 493 carcere
321 473 421 501 detentus,
436 476 457 493 et
473 476 591 497 maceratus
606 472 689 493 tandem
705 472 775 493 diuino
789 473 825 493 be—

233 500 306 521 n'eficio
316 501 456 521 haereticorum
465 507 537 521 manus
552 500 622 525 euasit,
638 504 659 521 et
668 500 689 520 in
718 501 773 525 atria,
788 500 824 521 do-

234 528 290 548 mino
306 527 463 549 ueobdormiuit.
480 528 654 549 Sulleuanustom.
666 529 684 548 2.
693 528 727 549 hb.
740 530 759 548 4.
771 536 787 548 c.
796 530 827 549 13.

234 536 339 577 Cornelius
349 556 435 577 Duuana
445 556 558 584 Episcopus
568 556 677 581 Dunensis,
691 560 712 576 et
723 556 825 577 Coneren-

233 584 259 604 sis
265 591 383 612 suspensus,
393 588 414 604 et
422 584 489 605 s'ectus
498 588 529 604 est
539 584 563 604 ab
577 583 677 604 haereticis
692 583 764 611 Anglis
779 591 825 604 cum

234 612 293 633 Soeio
305 612 409 633 sacerdote
419 612 504 633 Pati-itio
519 611 621 637 Luorsno,
637 611 739 637 Dublinae,
756 613 771 632 1.
787 611 826 633 Fe-

234 641 305 668 bruarij
318 642 375 661 1611.
387 640 494 668 Regnante
507 640 588 665 Iacobo,
604 640 641 660 sub
656 640 775 667 impijssimo
792 640 825 660 Iu-

233 666 278 688 dice
288 668 398 689 Dominico
406 668 516 689 Sar-feeldo.
538 668 588 688 Eius
602 668 664 688 vitam
681 667 788 692 miraculis,
804 672 825 688 et

232 696 308 724 pietate
322 695 403 723 plenam
424 696 532 723 diligenter
545 696 582 716 scri
598 695 623 716 sit
641 695 759 716 Sulleuauus
775 699 824 716 tom.

233 725 251 744 4.
260 724 294 744 lib.
306 726 322 744 l.
330 731 373 752 cap.
383 726 413 744 18.
423 723 528 744 Cornelius
543 723 567 743 M
589 723 656 744 risnus
671 723 825 744 Killaloanensis

233 751 251 771 E
266 752 346 779 iscopus
355 752 404 772 exul
414 752 464 779 obijt
481 751 600 779 Vlyssipone
616 751 638 772 in
653 751 757 772 Lusitania
771 758 825 771 anno

234 780 250 800 C
265 780 308 799 risti
318 778 375 800 1617.
385 779 504 800 Sulleuanus
510 783 561 800 tom,
568 781 588 800 2.
594 779 628 800 lib.
637 780 656 799 4.
666 786 689 799 ca
704 794 708 799 .
719 781 749 800 16.
758 779 825 799 Dauid

233 807 343 828 Kearnaeus
353 808 524 835 Archiepiscopus
537 807 643 828 Casilensis
652 814 679 828 ex
710 807 765 827 diem
772 807 826 827 clau-

233 835 258 855 sit
267 839 384 856 extremum
392 835 503 863 Burdigalae
511 836 635 856 anno'1622.
645 842 692 855 cum
707 838 766 855 antea
783 835 825 855 eius

233 867 294 891 caput
306 867 418 891 quaererent
427 863 518 884 haeretici
529 862 592 890 Angli
602 863 667 890 pretio
674 864 720 883 500.
730 862 825 883 librarum

232 891 315 918 argenti.
346 891 406 914 Quod
423 891 484 911 etiam
503 891 591 918 pretium
605 897 643 918 pro
658 890 724 918 capite
739 890 824 917 Eugenij

233 918 320 939 Mahuni
330 919 485 947 Archiepiscopi
495 918 626 939 Dublinensis
653 918 781 943 remiserunt,
790 918 825 938 sed

232 954 273 967 non
284 947 421 967 obtinuerunt.
451 946 585 979 Raymundus
596 946 634 966 Gal
643 946 705 967 achur
712 945 825 973 Episcopus

232 974 282 1002 Dirij
299 974 421 1003 bipennibus
437 975 542 995 confossus
558 977 580 995 et
595 974 661 1001 capite
675 977 778 994 truncatus
795 977 826 994 est

232 1003 373 1030 octogenarius
382 1003 407 1024 ab
417 1002 517 1023 haereticis
526 1001 604 1030 Anglis.
622 1001 740 1023 Sulleuanus
746 1003 824 1049 tom-13

800 1036 805 1049 ι
820 1044 825 1049 .
