3456 4734
356 304 411 386 74·

312 461 404 543 ‚77
463 457 615 542 Nonne
665 454 873 568 Vtriusque
901 454 1014 537 iuris-
1045 453 1175 537 ciuilis
1213 469 1256 539 et
1301 456 1500 558 canonici,
1567 511 1569 515 <

298 570 385 652 imo
419 584 461 654 et
494 567 685 654 naturalis
708 569 871 651 axioma
901 581 977 651 est:
1015 567 1095 648 Vim
1120 569 1158 649 vi
1176 571 1360 678 repellere
1377 571 1498 651 licet?

298 682 480 763 Omnino
495 698 568 765 est.
585 681 636 763 L.
649 691 688 762 vl
699 681 826 789 oimff.
838 683 886 762 ele
903 681 1061 778 iustitio,
1072 690 1108 760 et
1122 681 1216 762 iure.
1235 681 1285 762 L.
1303 688 1336 760 l.
1343 710 1419 788 per
1433 693 1497 761 tot.
1631 785 1632 788 Ν

277 795 330 900 ff
344 796 393 874 ele
406 796 456 893 oi,
475 806 512 875 et
530 795 569 876 ni
583 797 746 874 armatu.
768 794 817 873 L.
833 789 1066 896 seieuliom§
1089 793 1252 899 quicum
1266 795 1380 874 aliter
1379 794 1431 900 ff
1445 796 1501 873 od

294 907 373 1014 leg.
384 906 944 1013 AquilL.isqui'oggressorem,
957 903 1169 1010 etL.siquis
1174 933 1444 1011 percussorem.
1456 905 1497 985 Ο

297 1020 353 1099 ud
363 1019 428 1126 leg
443 1018 589 1098 Cornel.
604 1018 652 1097 ele
664 1018 786 1096 Sicor.
799 1027 836 1097 et
853 1016 978 1124 Cupit.
992 1015 1228 1122 Signifieosli
1241 1021 1277 1096 2.
1286 1019 1333 1096 ele
1343 1018 1498 1097 leomini-

295 1127 1343 1236 dio,copil,siverodesenteuoommuuicptiouis,etcup.
1356 1129 1498 1209 delecto

296 1243 423 1321 eodem
456 1241 578 1340 titulo,
609 1239 706 1320 libro
738 1247 776 1322 6.
819 1239 885 1321 vbi
915 1238 1124 1347 vtriusque
1161 1238 1257 1320 iuris
1295 1239 1498 1323 Doctores

326 1379 458 1433 assrm.

295 1379 323 1462 p
352 1465 406 1547 78
436 1460 599 1545 Deinde
632 1461 768 1545 anima
798 1462 1014 1573 pretiosior
1042 1476 1104 1545 est
1132 1490 1317 1573 corpore,
1346 1476 1389 1545 et
1407 1489 1495 1544 om÷

277 1573 414 1657 -nibus
437 1575 557 1657 rebus
582 1589 644 1658 est
671 1572 925 1685 praeferenda
948 1583 1157 1683 tamqnam
1186 1575 1315 1682 magis
1343 1574 1498 1685 pretio·

296 1715 349 1768 sn
404 1687 509 1782 Quid
525 1687 624 1768 euim
637 1688 793 1795 prodest
811 1687 966 1785 loomim,
977 1688 1010 1767 si
1021 1688 1200 1767 mundum
1211 1689 1425 1767 uniuersum
1436 1688 1495 1781 lu÷

186 1856 189 1863 -
294 1810 433 1898 cretur,
462 1799 600 1878 animm
622 1827 711 1880 vero
730 1824 809 1879 suoe
827 1800 1089 1880 detrimentum
1103 1801 1314 1906 poliatur?
1365 1795 1421 1878 Vt
1439 1798 1495 1878 nit

297 1908 480 1991 Christus
501 1906 706 1991 Dominus
726 1905 828 1991 Mat.
855 1915 915 1992 16.
936 1935 1049 1989 num.
1066 1915 1131 1991 26.
1164 1911 1242 1989 Aut
1260 1939 1375 2017 quom
1389 1909 1495 1990 dabit

292 2022 402 2102 lroum
414 2022 738 2104 commutationem
750 2049 828 2130 pro
843 2022 973 2102 animo
991 2025 1094 2102 suo?
1146 2020 1203 2103 Vt
1221 2021 1373 2102 ibidem
1395 2018 1493 2100 diei-

292 2147 372 2214 tur:
394 2161 491 2242 ergo
512 2130 544 2212 si
563 2131 754 2216 homines
773 2160 849 2242 pro
868 2131 1174 2243 vitaUcorporali,
1194 2145 1237 2214 et
1250 2131 1369 2213 bonis
1388 2146 1493 2219 tem-

291 2243 499 2353 poralibus
536 2243 700 2327 tuendis
729 2242 841 2328 licite
878 2260 1051 2355 possunt
1080 2243 1163 2324 vim
1206 2242 1244 2323 vi
1283 2242 1500 2353 repellere,

223 2421 225 2427 s
289 2354 422 2437 rnulto
455 2355 584 2466 magis
609 2354 652 2438 id
677 2362 876 2468 poterunt
900 2385 974 2466 pro
997 2355 1081 2437 vita
1111 2353 1308 2466 spirituali
1339 2354 1488 2437 animae

290 2466 469 2548 ethonis
497 2467 661 2550 aeternis
687 2481 830 2579 postea
858 2465 1050 2551 fruendis.
1109 2468 1212 2560 Quae
1239 2468 1350 2549 bona
1376 2466 1494 2579 spiri-

266 2576 414 2690 tualia
432 2593 631 2662 conantur
649 2577 832 2662 haeretici
862 2576 1070 2691 Principes
1098 2579 1249 2661 auffere
1272 2578 1491 2660 Catholicis
1521 2668 1525 2677 ,

279 2688 529 2799 ¹hominibus
548 2691 736 2803 cogendo
756 2690 861 2791 illos,
882 2704 928 2773 vt
945 2688 1072 2774 iidem
1104 2689 1356 2779 Catholioam
1377 2689 1492 2772 dese·

289 2817 393 2900 rant,
412 2818 455 2886 et
473 2803 649 2886 haereses
669 2801 978 2915 amplectantur.

347 2917 401 2999 79
430 2914 499 2997 Ad
528 2915 720 3027 exempla
747 2943 875 3026 pergo
904 2913 1128 2997 multorum
1164 2911 1418 3026 Regnorum,
1446 2930 1489 2998 et

288 3053 424 3109 rerum
455 3025 681 3109 ublicarum
712 3055 804 3137 quae
837 3024 988 3135 Reges,
1025 3040 1068 3110 et
1105 3024 1313 3136 Principes
1335 3025 1397 3109 'ob
1427 3041 1491 3134 ty·

291 3056 505 3221 ranniriim
536 3139 579 3222 in
608 3138 879 3250 possessione,
899 3135 966 3219 vel
984 3136 1295 3249 gubernatione,
1323 3139 1388 3222 vel
1412 3137 1489 3221 alia

289 3247 490 3331 demerita
524 3250 816 3362 deposuerunt,
844 3245 910 3332 vel
939 3248 1190 3349 oeciderunt,
1219 3251 1415 3334 omittens
1443 3250 1491 3331 il-

288 3357 364 3460 los,
394 3389 496 3470 quos
521 3359 634 3444 Deus
663 3363 705 3443 in
734 3361 811 3443 hac
839 3359 923 3442 vita
941 3360 1155 3444 manifeste
1174 3361 1335 3472 punuit,
1362 3391 1489 3446 reser-

287 3470 424 3552 uando
444 3470 523 3553 illis
542 3472 583 3554 in
613 3473 739 3557 altere
766 3473 851 3556 vita
878 3486 1051 3556 aeternas
1079 3502 1218 3584 paenas
1251 3473 1360 3585 apud
1388 3473 1490 3566 infe·

285 3610 350 3662 ros
380 3583 662 3684 sustinendas3
691 3585 745 3669 de
779 3584 925 3695 quibus
954 3585 1079 3667 etiam
1107 3612 1240 3713 pauca
1268 3584 1400 3669 obiter
1429 3585 1489 3667 di-

287 3721 388 3774 cam.
420 3694 475 3777 Et
497 3695 550 3778 de
569 3709 687 3777 sumo
707 3694 898 3808 exempla
916 3721 968 3778 ex
989 3695 1152 3796 diuinrs,
1171 3713 1213 3779 et
1232 3696 1421 3779 humanis
1440 3697 1488 3778 li-

286 3804 404 3889 teris:
425 3836 478 3889 ex
500 3804 682 3918 Paganis,
711 3825 753 3890 et
775 3806 1013 3891 Christianis
1031 3807 1281 3910 hominibus,
1300 3824 1345 3890 vt
1365 3839 1486 3922 appa.-

285 3932 372 3999 reat
389 3918 471 4016 hoc
490 3947 579 4001 esse
598 3919 712 4028 quasi
732 3918 785 4002 de
805 3919 892 4004 iure
912 3918 1002 4031 ipso
1032 3932 1201 4021 naturae,
1234 3939 1277 4002 et
1295 3922 1487 4004 omnibus

283 4027 369 4111 fere
388 4029 621 4119 nationibus
641 4057 878 4132 commune,
903 4058 997 4113 cum
1017 4030 1100 4113 vim
1125 4030 1165 4114 vi
1185 4031 1382 4144 repellere
1397 4061 1489 4116 om-

1400 4175 1487 4250 nes,
