3456 4734
310 462 518 562 iniustum,
536 477 579 544 vt
598 462 950 575 supraprobatum
970 473 1044 546 est.
1103 459 1304 562 Secundo,
1321 459 1414 572 quia
1433 461 1494 545 in·

314 572 487 674 dultum,
513 571 625 685 quod
643 572 830 685 allegant,
852 571 928 657 fuit
947 571 1243 685 subreptitium,
1262 586 1304 656 et
1322 571 1498 660 nullum.

315 683 454 768 Tertio
471 720 483 786 3
511 684 668 769 etiamsi
687 699 793 769 esset
806 682 984 768 validum
1000 713 1052 768 ex
1066 713 1123 784 se,
1137 682 1238 766 nihil
1256 682 1409 768 valeret
1426 683 1496 768 de·

316 795 426 878 fectu
445 795 740 897 conditionum,
768 825 866 908 quas
886 794 1012 907 Angli
1041 822 1248 905 nunquam
1277 810 1499 896 seruarunt,

268 988 269 996 Ν
318 921 363 988 vt
382 907 504 990 etiarn
521 936 639 1019 supra
657 905 978 991 demonstratum
998 920 1070 991 est·
1128 907 1307 1006 Quarto3
1325 906 1418 1017 quia
1437 935 1501 989 ac·

223 1040 227 1051 ·
320 1018 456 1130 ceptio
494 1017 752 1148 populorum,
797 1046 920 1130 quarn
951 1017 1162 1118 affirmant,
1207 1016 1309 1100 nihil
1345 1019 1502 1130 operari

319 1127 468 1240 Ρθῐῡῑῖ,
496 1159 590 1241 quta
617 1158 731 1240 graur
758 1145 873 1214 metu
902 1129 1031 1212 coacti
1066 1127 1188 1241 aliqui
1221 1128 1409 1212 homines
1437 1157 1502 1213 ac·
1587 1133 1590 1139 '
1697 1124 1700 1130 ⁴

320 1256 516 1353 ceperunt
536 1239 763 1324 Henricum
781 1239 896 1324 illurn
916 1239 1152 1342 secundum,
1170 1247 1214 1322 vt
1228 1238 1500 1354 supradictum
1540 1272 1544 1279 ·

320 1361 477 1434 manet:
522 1350 642 1435 Vnde
657 1381 749 1435 cum
765 1351 939 1437 defuerit
952 1353 1060 1435 bona
1072 1351 1185 1453 fides,
1203 1350 1280 1464 ipsi
1294 1379 1502 1463 nunquam

319 1463 573 1575 praescribere
589 1465 794 1575 poterant,
821 1491 914 1546 curn
934 1462 1048 1546 malae
1066 1461 1169 1545 fidei*
1184 1489 1435 1574 possessores
1459 1464 1502 1546 in

322 1569 437 1657 nullo
455 1590 655 1686 tempore,
682 1574 927 1686 quantunuis
944 1572 1181 1685 longissimo
1199 1573 1360 1659 valeant
1387 1604 1505 1688 praes-

325 1685 479 1770 cribere
491 1685 604 1769 iuxta
615 1686 794 1798 regulam
807 1692 844 1769 2.
867 1686 961 1768 iuris
970 1684 1012 1767 in
1029 1693 1065 1772 6.
1078 1687 1273 1769 Possearor
1289 1687 1506 1794 mulaefidei

322 1800 396 1880 vlla
408 1810 575 1908 tempore
589 1827 665 1880 noa
672 1801 892 1908 proscribit.
907 1795 987 1881 Vbi
1002 1796 1202 1881 Doctores
1221 1799 1503 1882 communiter.

264 1897 272 1917 ‘
376 1915 431 2003 69
491 1908 629 1994 Tertia
661 1909 843 1993 conditio
882 1923 979 1993 erat·
1036 1908 1197 1992 Titulus
1242 1909 1506 2022 probabiliter

321 2034 599 2133 praesumptus·
656 2017 757 2103 Haec
783 2020 905 2106 etiarn
937 2019 1117 2103 conditio
1151 2049 1235 2104 non
1262 2020 1398 2133 potuit
1425 2019 1504 2103 suf-

320 2132 465 2242 fragari
496 2131 654 2240 Anglis,
681 2131 751 2243 qui
778 2130 942 2233 titulum
972 2130 1178 2217 Hiberniae
1207 2159 1291 2215 non
1318 2133 1505 2244 probabi·

321 2244 428 2342 liter,
448 2242 519 2325 sed
537 2243 856 2372 improbabiliter
873 2259 1160 2356 praesumptum
1181 2244 1419 2328 habuerunt·
1438 2242 1504 2328 De

324 2354 521 2437 iniustitia
539 2354 657 2436 hurus
676 2352 783 2437 tituli
802 2355 896 2437 satis
916 2353 1105 2454 diximus,
1133 2383 1252 2468 supra
1275 2382 1446 2438 numero
1466 2363 1502 2438 8.

326 2482 368 2549 et
401 2466 673 2659 seqlulentibus,
715 2494 809 2549 curn
845 2465 1151 2578 probauerimus
1183 2466 1342 2578 Anglos
1373 2466 1505 2549 dorni·

323 2577 438 2660 nium
504 2576 666 2660 iberniae
694 2576 916 2661 obtinuisse
943 2577 1094 2661 iniusto
1122 2577 1244 2679 bello,
1270 2579 1342 2660 &o
1390 2577 1507 2661 Alio-

325 2690 422 2799 quin
452 2689 589 2771 dicant
617 2688 740 2771 etiam
769 2688 845 2801 ipsi
873 2687 1038 2790 Turcas,
1066 2704 1109 2773 et
1138 2690 1373 2774 Sarracenos
1401 2688 1504 2772 iuste

323 2798 528 2910 possidere
546 2815 695 2883 terram
710 2815 903 2900 sanctam,
930 2800 1025 2912 quia
1042 2800 1192 2885 iniusto
1206 2800 1314 2885 bello
1330 2828 1419 2885 earn
1439 2811 1507 2884 oo·

327 2927 538 3024 cuparunt:
560 2910 669 3023 quod
685 2909 871 3024 impium,
885 2925 927 2996 et
939 2911 1153 2995 ridiculum
1166 2927 1272 3001 esset
1285 2914 1505 2997 theorema.

382 3027 437 3108 70
485 3024 636 3116 Quarta
666 3020 848 3106 conditio
867 3038 964 3107 erat.
1008 3021 1188 3137 Tempus
1216 3026 1240 3107 a
1267 3024 1354 3109 iure
1382 3039 1506 3135 statuf

324 3149 425 3218 tum.
484 3132 578 3216 Hoc
606 3161 700 3217 curn
729 3134 896 3218 deberet
921 3163 1009 3218 esse
1035 3153 1201 3230 centurn
1233 3163 1432 3219 annorum
1463 3135 1505 3217 in

325 3244 625 3358 prascriptione
648 3244 797 3346 Reoni,
824 3259 869 3328 vt
898 3274 945 3328 su
975 3274 1017 3329 ra
1045 3273 1216 3330 numero
1235 3252 1300 3332 65.
1319 3245 1508 3346 diximus,

326 3356 459 3441 nullus
477 3356 704 3467 Anglorum
713 3314 811 3440 llex
822 3354 923 3439 illud
936 3275 1090 3460 dabuit,
1108 3357 1349 3470 quianullus
1364 3387 1413 3442 ex
1429 3357 1507 3440 illis

326 3468 428 3550 vixit
446 3483 610 3550 centum
630 3467 758 3569 annis,
780 3482 824 3552 et
841 3469 1025 3578 quamuis
1043 3468 1222 3570 vixisset,
1248 3469 1329 3553 hoc
1345 3486 1508 3582 tempus

180 3631 185 3641 ·
328 3608 412 3663 non
432 3578 645 3681 sufficeret,
672 3578 836 3690 quando
855 3607 940 3663 non
960 3594 1066 3664 esset
1084 3579 1204 3664 simul
1224 3608 1318 3664 cum
1337 3582 1444 3666 bona
1461 3579 1509 3661 fi-

328 3690 394 3789 de,
421 3718 542 3801 quarn
562 3690 638 3803 ipsi
657 3706 865 3802 nunquam
884 3691 1125 3795 habuerunt,
1142 3706 1187 3775 vt
1203 3694 1420 3805 probatum
1435 3708 1507 3776 est.¹

329 3801 421 3883 Nec
440 3799 585 3885 sufficit
604 3801 715 3914 quod
733 3800 888 3914 primus
907 3800 976 3888 ille
1006 3801 1098 3887 Rex
1128 3802 1330 3887 Henricus
1360 3803 1509 3888 Secun-

331 3911 419 4012 dus,
433 3928 474 3995 et
488 3941 736 4000 successores
747 3914 828 3996 hoe
841 3926 1016 4043 tempus,
1029 3930 1071 3998 et
1085 3914 1256 4028 amplius
1269 3914 1508 3999 habuerunt

331 4020 530 4136 Numqui
550 4039 593 4107 vt
611 4026 736 4109 haeres
757 4051 842 4110 rem
863 4025 1010 4137 aocrpit
1028 4027 1052 4108 a‘r
1068 4053 1298 4138 possessore
1323 4024 1511 4219 malandri-

1460 4163 1511 4240 er,
