1054 1258
777 36 800 47 υι

237 66 305 87 dioillo
315 66 415 87 sublatum
424 69 461 91 est,
468 66 523 93 quod
530 69 598 86 tamen
605 65 720 93 ignoratum
726 68 762 86 est.
779 66 828 93 Sep-

236 95 298 115 timus
314 102 351 122 pro
368 94 422 119 dote,
438 97 460 114 vt
474 93 555 121 quando
570 93 614 121 quis
629 94 706 121 accepit
721 94 741 114 in
756 93 827 114 dotem

236 130 279 143 rem
287 123 380 147 alienam,
394 129 455 149 quam
470 122 523 142 bona
532 121 572 142 fide
582 121 677 142 credebat
686 122 747 142 fuisse
757 121 829 146 dantis,

235 150 267 171 vel
277 150 371 171 dotantis.
400 150 489 170 Octauus
498 157 535 177 pro
549 157 592 174 suo,
601 154 623 170 vt
635 157 681 170 cum
694 150 738 177 quis
751 149 829 177 accepit

236 185 319 198 ceruum
329 178 410 198 alterius
420 177 504 198 credens
514 185 557 198 esse
567 177 639 202 ferum,
653 182 674 198 et
683 185 725 198 non
735 184 828 197 mansue-

236 210 286 230 tum,
296 206 340 226 talis
349 209 417 233 potest
426 205 555 233 praescribere
568 213 605 233 pro
622 212 665 225 suo.
694 205 722 225 Hi
734 205 794 230 tituli,
808 209 829 225 et

236 234 330 261 exempla
340 241 394 254 nunc
404 233 511 258 sufficiunt,
521 233 559 253 alia
568 236 651 261 possent
660 233 762 260 assignari,
772 233 788 253 si
798 240 828 253 es-

235 266 280 282 sent
295 262 406 282 necessaria
420 261 445 282 ad
462 266 553 281 nostrum
565 262 672 282 intentum.
702 261 755 281 Vide
770 261 829 281 moli-

234 297 282 310 nam
292 290 376 310 citatum
390 289 527 317 disputatione
541 291 568 310 64
583 289 676 309 Lessium
686 289 737 309 libro
747 290 766 308 2.
774 289 828 316 capi-

233 321 254 337 te
260 319 278 338 6.
286 317 332 338 dub.
340 319 358 338 7.
366 317 481 338 Filliucium
487 317 552 344 capite
559 319 577 337 8.
584 317 721 344 quaestione4.
729 317 828 337 Azorium

235 345 318 365 citatum
329 349 386 366 tomo
396 347 414 366 8.
424 345 476 366 libro
487 347 504 365 l.
515 345 581 372 eapite
590 346 622 365 21.
633 348 653 365 et
663 345 717 365 alios.

262 375 289 394 58
305 374 380 396 Quarta
390 373 480 394 conditio
490 377 525 393 est.
541 372 631 400 Tempus
644 373 655 393 ἵει
669 373 712 393 iure
724 376 827 393 statutum.

235 401 268 421 Ius
278 401 344 426 ciuile,
354 405 375 421 et
384 401 504 422 canonicum
516 400 542 421 ad
556 400 660 421 euitandas
674 400 827 421 incertitudines

234 429 372 449 dominiorum
382 436 456 453 rerum,
470 433 491 449 et
505 428 530 448 ad
545 428 607 449 finem
625 428 772 456 imponendum
787 428 827 448 liti-

234 457 278 481 buS‚
288 457 357 477 statuit
367 460 444 477 certum
454 460 542 484 tempus,
549 456 569 476 in
578 464 619 484 qno
626 463 729 484 possessor
736 457 797 476 bonae
803 456 827 476 fi-

234 484 267 505 dei
277 485 375 512 potuisset
382 484 518 512 praescribere,
527 484 633 512 facereque
641 491 699 505 suum
707 484 763 509 illud,
772 484 828 512 quod

234 512 329 539 possidet.
346 512 405 533 Vnde
413 520 451 537 res,
458 520 503 540 quae
513 512 611 540 possideri
621 516 713 540 possunt,
722 512 742 532 in
751 512 826 540 duplici

234 544 281 560 sunt
292 540 410 561 differentia.
427 540 525 563 Quaedam
536 540 630 560 dicuntur
640 540 733 565 mobiles,
742 548 788 568 quae
797 540 827 560 lo-

233 575 258 588 co
268 569 346 589 moueri
356 572 446 596 possunt,
458 572 480 588 vt
494 572 566 593 vestes,
575 575 636 593 arma,
650 568 749 593 animalia,
758 575 828 593 naues,

234 597 268 616 &Q
281 596 334 616 Aliae
340 596 435 616 dicuntur
441 596 562 621 immobiles,
569 603 614 623 quae
622 596 667 616 loco
677 596 777 616 dimoueri
784 603 827 616 non

233 624 305 649 solent,
315 629 337 645 vt
346 624 425 649 domus,
435 632 495 651 ager;
512 624 593 649 Ciuitas,
605 624 708 652 Regnum,
717 624 753 644 διο.
774 623 826 645 Vide

232 651 333 673 Molinam
341 652 391 680 disp.
400 655 432 673 68.
441 652 556 673 Filliucium
563 656 619 673 tract.
627 654 658 673 31.
666 652 725 680 capit.
732 654 751 673 8.
758 656 826 680 quaest.

233 681 251 700 5.
260 680 380 701 Turrianurn
388 681 438 708 disp.
446 681 479 700 47.
487 680 549 701 dubio
556 682 574 700 4.
585 680 707 701 Bonaeinam
715 680 766 708 disp.
775 682 791 701 1.
800 680 826 700 de

234 708 362 729 restitutione
372 708 393 729 in
402 715 478 736 genere
488 708 600 736 quaestione
610 708 686 733 vltima,
695 712 772 736 puncto
782 710 800 729 2.
810 708 826 734 §.

233 737 251 756 2,
262 743 317 756 num,
328 738 360 757 23.
373 736 466 757 Lessium
481 736 532 757 libro
542 737 561 756 2.
572 743 615 764 cap.
626 738 644 757 6.
654 736 702 756 dub.
712 737 730 757 7.
739 739 760 757 et
769 735 825 756 alios.

233 763 279 784 Huc
288 763 418 785 distinctione
429 771 451 784 su
466 764 538 792 posita.

259 793 286 812 59
310 792 429 812 Communis
470 796 570 817 actorum,
593 795 613 813 et
635 791 710 812 iurium
729 792 826 813 resolutio

230 823 260 839 est
268 819 293 839 ad
299 820 472 848 praescriptionem
480 827 554 845 rerum,
564 827 599 840 seu
605 820 705 840 bonorum
712 820 826 844 mobilium,

231 854 276 874 quae
292 848 373 876 proprie
390 852 518 877 nuncupatur
531 848 633 875 vsucapio,
647 847 721 875 requiri
738 848 825 875 spatium

231 875 292 895 trium
302 883 402 896 annorum
410 883 456 896 cum
464 876 530 901 titulo,
538 880 559 896 et
566 876 619 896 hona
629 875 675 896 fide·
685 876 711 896 L.
719 876 775 896 vnica
782 882 825 902 cap.

231 904 255 923 cle
264 904 406 930 vsucapionibus
416 907 434 924 et
443 905 516 924 institut
525 904 549 924 de
557 904 707 931 usucapionibus.

258 933 286 951 60
300 931 347 952 Hoc
364 931 418 952 idem
435 935 516 959 tempus
532 931 605 952 sufficit
620 931 732 952 secundum
747 931 825 959 aliquos

231 958 331 980 Doctores
350 959 375 980 ad
396 960 570 987 praescriptionem
592 960 692 980 bonorum
711 959 825 984 mobilium,

519 995 534 1007 Η
784 994 825 1008 non
