<?xml version="1.0" encoding="UTF-8"?>
<!DOCTYPE html PUBLIC "-//W3C//DTD XHTML 1.0 Transitional//EN"
    "http://www.w3.org/TR/xhtml1/DTD/xhtml1-transitional.dtd">
<html xmlns="http://www.w3.org/1999/xhtml" xml:lang="en" lang="en">
 <head>
  <title>
</title>
<meta http-equiv="Content-Type" content="text/html;charset=utf-8" />
  <meta name='ocr-system' content='tesseract 3.04.00' />
  <meta name='ocr-capabilities' content='ocr_page ocr_carea ocr_par ocr_line ocrx_word'/>
</head>
<body>
  <div class='ocr_page' id='page_1' title='image "./disputatioapolo00omagoog_0128.png"; bbox 0 0 1054 1258; ppageno 0'>
   <div class='ocr_carea' id='block_1_1' title="bbox 767 65 805 85">
    <p class='ocr_par' dir='ltr' id='par_1_1' title="bbox 767 65 805 85">
     <span class='ocr_line' id='line_1_1' title="bbox 767 65 805 85; baseline 0.026 -1"><span class='ocrx_word' id='word_1_1' title='bbox 767 65 805 85; x_wconf 87' lang='lat'>117</span> 
     </span>
    </p>
   </div>
   <div class='ocr_carea' id='block_1_2' title="bbox 227 103 831 1024">
    <p class='ocr_par' dir='ltr' id='par_1_2' title="bbox 227 103 831 940">
     <span class='ocr_line' id='line_1_2' title="bbox 265 103 831 132; baseline 0 -8"><span class='ocrx_word' id='word_1_2' title='bbox 265 103 320 127; x_wconf 79' lang='lat' dir='ltr'>Quid</span> <span class='ocrx_word' id='word_1_3' title='bbox 334 111 382 131; x_wconf 87' lang='lat' dir='ltr'>ergo</span> <span class='ocrx_word' id='word_1_4' title='bbox 397 111 452 124; x_wconf 82' lang='lat' dir='ltr'>nunc</span> <span class='ocrx_word' id='word_1_5' title='bbox 466 111 525 131; x_wconf 81' lang='lat' dir='ltr'>agere</span> <span class='ocrx_word' id='word_1_6' title='bbox 534 103 627 125; x_wconf 74' lang='lat' dir='ltr'>debetis?</span> <span class='ocrx_word' id='word_1_7' title='bbox 642 103 700 124; x_wconf 82' lang='lat' dir='ltr'>Idem</span> <span class='ocrx_word' id='word_1_8' title='bbox 714 111 761 124; x_wconf 83' lang='lat' dir='ltr'>sane</span> <span class='ocrx_word' id='word_1_9' title='bbox 776 104 831 132; x_wconf 88' lang='lat' dir='ltr'>qnod</span> 
     </span>
     <span class='ocr_line' id='line_1_3' title="bbox 238 131 830 159; baseline 0.002 -8"><span class='ocrx_word' id='word_1_10' title='bbox 238 131 275 151; x_wconf 86' lang='lat' dir='ltr'>viri</span> <span class='ocrx_word' id='word_1_11' title='bbox 291 131 355 157; x_wconf 79' lang='lat' dir='ltr'>labes,</span> <span class='ocrx_word' id='word_1_12' title='bbox 370 131 404 159; x_wconf 90' lang='lat' dir='ltr'>qui</span> <span class='ocrx_word' id='word_1_13' title='bbox 419 132 523 152; x_wconf 77' lang='lat' dir='ltr'><strong>mittentes</strong></span> <span class='ocrx_word' id='word_1_14' title='bbox 536 131 622 152; x_wconf 84' lang='lat' dir='ltr'>nuncios</span> <span class='ocrx_word' id='word_1_15' title='bbox 641 131 662 152; x_wconf 87' lang='lat' dir='ltr'>in</span> <span class='ocrx_word' id='word_1_16' title='bbox 677 131 781 152; x_wconf 84' lang='lat' dir='ltr'>vniuersos</span> <span class='ocrx_word' id='word_1_17' title='bbox 790 136 830 153; x_wconf 86' lang='lat' dir='ltr'>ter-</span> 
     </span>
     <span class='ocr_line' id='line_1_4' title="bbox 238 159 830 185; baseline 0.002 -6"><span class='ocrx_word' id='word_1_18' title='bbox 238 159 304 179; x_wconf 87' lang='lat' dir='ltr'>minos</span> <span class='ocrx_word' id='word_1_19' title='bbox 321 159 388 184; x_wconf 75' lang='lat' dir='ltr'>Israel,</span> <span class='ocrx_word' id='word_1_20' title='bbox 401 159 532 180; x_wconf 81' lang='lat' dir='ltr'>fortissimum</span> <span class='ocrx_word' id='word_1_21' title='bbox 547 163 702 180; x_wconf 83' lang='lat' dir='ltr'>construxerunt</span> <span class='ocrx_word' id='word_1_22' title='bbox 712 159 830 185; x_wconf 86' lang='lat' dir='ltr'>exercitum,</span> 
     </span>
     <span class='ocr_line' id='line_1_5' title="bbox 238 187 829 215; baseline 0.002 -8"><span class='ocrx_word' id='word_1_23' title='bbox 238 191 259 207; x_wconf 84' lang='lat' dir='ltr'>et</span> <span class='ocrx_word' id='word_1_24' title='bbox 270 187 348 214; x_wconf 80' lang='lat' dir='ltr'>Regem</span> <span class='ocrx_word' id='word_1_25' title='bbox 358 187 487 208; x_wconf 80' lang='lat' dir='ltr'>vet-naculum</span> <span class='ocrx_word' id='word_1_26' title='bbox 502 187 599 215; x_wconf 82' lang='lat' dir='ltr'>eligentes</span> <span class='ocrx_word' id='word_1_27' title='bbox 613 188 703 208; x_wconf 80' lang='lat' dir='ltr'><strong>animose</strong></span> <span class='ocrx_word' id='word_1_28' title='bbox 713 187 829 208; x_wconf 80' lang='lat' dir='ltr'>inuaserunt</span> 
     </span>
     <span class='ocr_line' id='line_1_6' title="bbox 238 214 828 243; baseline 0.002 -9"><span class='ocrx_word' id='word_1_29' title='bbox 238 214 306 235; x_wconf 84' lang='lat' dir='ltr'>hostes</span> <span class='ocrx_word' id='word_1_30' title='bbox 321 222 374 240; x_wconf 78' lang='lat' dir='ltr'>suOS,</span> <span class='ocrx_word' id='word_1_31' title='bbox 388 215 488 242; x_wconf 77' lang='lat' dir='ltr'>fugarunt,</span> <span class='ocrx_word' id='word_1_32' title='bbox 502 215 602 240; x_wconf 85' lang='lat' dir='ltr'>fuderunt,</span> <span class='ocrx_word' id='word_1_33' title='bbox 616 219 637 236; x_wconf 85' lang='lat' dir='ltr'>et</span> <span class='ocrx_word' id='word_1_34' title='bbox 651 222 724 243; x_wconf 77' lang='lat' dir='ltr'>magna</span> <span class='ocrx_word' id='word_1_35' title='bbox 737 222 762 235; x_wconf 87' lang='lat' dir='ltr'>ex</span> <span class='ocrx_word' id='word_1_36' title='bbox 771 220 828 243; x_wconf 79' lang='lat' dir='ltr'>parte</span> 
     </span>
     <span class='ocr_line' id='line_1_7' title="bbox 237 243 829 271; baseline 0.002 -9"><span class='ocrx_word' id='word_1_37' title='bbox 237 243 356 263; x_wconf 85' lang='lat' dir='ltr'>occiderunt</span> <span class='ocrx_word' id='word_1_38' title='bbox 364 243 391 270; x_wconf 89' lang='lat'>(1.</span> <span class='ocrx_word' id='word_1_39' title='bbox 401 243 450 271; x_wconf 87' lang='lat' dir='ltr'>Reg.</span> <span class='ocrx_word' id='word_1_40' title='bbox 460 243 499 270; x_wconf 86' lang='lat'>11.)</span> <span class='ocrx_word' id='word_1_41' title='bbox 507 243 535 263; x_wconf 86' lang='lat' dir='ltr'>sic</span> <span class='ocrx_word' id='word_1_42' title='bbox 542 250 590 264; x_wconf 83' lang='lat' dir='ltr'>sane</span> <span class='ocrx_word' id='word_1_43' title='bbox 597 243 714 270; x_wconf 76' lang='lat' dir='ltr'>in-caepistis</span> <span class='ocrx_word' id='word_1_44' title='bbox 722 243 786 264; x_wconf 87' lang='lat' dir='ltr'>facere</span> <span class='ocrx_word' id='word_1_45' title='bbox 794 251 829 263; x_wconf 78' lang='lat' dir='ltr'>an-</span> 
     </span>
     <span class='ocr_line' id='line_1_8' title="bbox 236 271 829 319; baseline 0.002 -29"><span class='ocrx_word' id='word_1_46' title='bbox 236 277 264 290; x_wconf 87' lang='lat' dir='ltr'>no</span> <span class='ocrx_word' id='word_1_47' title='bbox 273 271 330 291; x_wconf 84' lang='lat'>1641.</span> <span class='ocrx_word' id='word_1_48' title='bbox 341 271 425 299; x_wconf 84' lang='lat' dir='ltr'>pergite,</span> <span class='ocrx_word' id='word_1_49' title='bbox 432 271 559 319; x_wconf 49' lang='lat' dir='ltr'>efflperficite,</span> <span class='ocrx_word' id='word_1_50' title='bbox 568 278 616 291; x_wconf 81' lang='lat' dir='ltr'>nam</span> <span class='ocrx_word' id='word_1_51' title='bbox 626 272 731 291; x_wconf 82' lang='lat' dir='ltr'>Dimidium</span> <span class='ocrx_word' id='word_1_52' title='bbox 734 271 787 298; x_wconf 84' lang='lat' dir='ltr'>facti</span> <span class='ocrx_word' id='word_1_53' title='bbox 796 273 829 298; x_wconf 81' lang='lat' dir='ltr'>qui</span> 
     </span>
     <span class='ocr_line' id='line_1_9' title="bbox 235 298 829 326; baseline 0.002 -8"><span class='ocrx_word' id='word_1_54' title='bbox 235 298 282 318; x_wconf 79' lang='lat' dir='ltr'>bene</span> <span class='ocrx_word' id='word_1_55' title='bbox 291 300 353 326; x_wconf 75' lang='lat' dir='ltr'>caepit,</span> <span class='ocrx_word' id='word_1_56' title='bbox 361 299 422 319; x_wconf 77' lang='lat' dir='ltr'>habet.</span> <span class='ocrx_word' id='word_1_57' title='bbox 465 299 524 319; x_wconf 87' lang='lat' dir='ltr'>isistis</span> <span class='ocrx_word' id='word_1_58' title='bbox 533 299 618 319; x_wconf 83' lang='lat' dir='ltr'>nuncios</span> <span class='ocrx_word' id='word_1_59' title='bbox 628 306 669 319; x_wconf 85' lang='lat' dir='ltr'>non</span> <span class='ocrx_word' id='word_1_60' title='bbox 679 299 744 319; x_wconf 88' lang='lat' dir='ltr'>solum</span> <span class='ocrx_word' id='word_1_61' title='bbox 754 299 775 319; x_wconf 90' lang='lat' dir='ltr'>in</span> <span class='ocrx_word' id='word_1_62' title='bbox 785 299 829 319; x_wconf 92' lang='lat' dir='ltr'>vni-</span> 
     </span>
     <span class='ocr_line' id='line_1_10' title="bbox 236 326 827 352; baseline 0.002 -6"><span class='ocrx_word' id='word_1_63' title='bbox 236 333 305 346; x_wconf 82' lang='lat' dir='ltr'>uersos</span> <span class='ocrx_word' id='word_1_64' title='bbox 317 327 415 347; x_wconf 84' lang='lat' dir='ltr'>terminos</span> <span class='ocrx_word' id='word_1_65' title='bbox 427 326 533 347; x_wconf 82' lang='lat' dir='ltr'>Hiberniae</span> <span class='ocrx_word' id='word_1_66' title='bbox 544 330 622 352; x_wconf 86' lang='lat' dir='ltr'>vestrae,</span> <span class='ocrx_word' id='word_1_67' title='bbox 633 327 669 347; x_wconf 84' lang='lat' dir='ltr'>sed</span> <span class='ocrx_word' id='word_1_68' title='bbox 679 326 738 347; x_wconf 82' lang='lat' dir='ltr'>etiam</span> <span class='ocrx_word' id='word_1_69' title='bbox 749 327 769 347; x_wconf 90' lang='lat' dir='ltr'>in</span> <span class='ocrx_word' id='word_1_70' title='bbox 780 327 827 347; x_wconf 84' lang='lat' dir='ltr'>alias</span> 
     </span>
     <span class='ocr_line' id='line_1_11' title="bbox 235 353 827 382; baseline 0.002 -8"><span class='ocrx_word' id='word_1_71' title='bbox 235 353 345 381; x_wconf 83' lang='lat' dir='ltr'>Regiones,</span> <span class='ocrx_word' id='word_1_72' title='bbox 358 362 383 375; x_wconf 89' lang='lat' dir='ltr'>ex</span> <span class='ocrx_word' id='word_1_73' title='bbox 396 355 468 382; x_wconf 87' lang='lat' dir='ltr'>quibus</span> <span class='ocrx_word' id='word_1_74' title='bbox 478 354 584 375; x_wconf 77' lang='lat' dir='ltr'>auxiliares</span> <span class='ocrx_word' id='word_1_75' title='bbox 593 354 661 382; x_wconf 82' lang='lat' dir='ltr'>aliqui,</span> <span class='ocrx_word' id='word_1_76' title='bbox 670 358 691 375; x_wconf 83' lang='lat' dir='ltr'>et</span> <span class='ocrx_word' id='word_1_77' title='bbox 700 362 755 375; x_wconf 81' lang='lat' dir='ltr'>arma</span> <span class='ocrx_word' id='word_1_78' title='bbox 764 355 827 375; x_wconf 85' lang='lat' dir='ltr'>multa</span> 
     </span>
     <span class='ocr_line' id='line_1_12' title="bbox 235 382 828 410; baseline 0.003 -9"><span class='ocrx_word' id='word_1_79' title='bbox 235 386 340 402; x_wconf 84' lang='lat' dir='ltr'>venerunt.</span> <span class='ocrx_word' id='word_1_80' title='bbox 361 382 459 410; x_wconf 82' lang='lat' dir='ltr'>Fugastis‚</span> <span class='ocrx_word' id='word_1_81' title='bbox 468 382 553 407; x_wconf 82' lang='lat' dir='ltr'>fudistis,</span> <span class='ocrx_word' id='word_1_82' title='bbox 562 386 583 403; x_wconf 91' lang='lat' dir='ltr'>et</span> <span class='ocrx_word' id='word_1_83' title='bbox 592 383 693 403; x_wconf 81' lang='lat' dir='ltr'>occidistis</span> <span class='ocrx_word' id='word_1_84' title='bbox 702 382 777 403; x_wconf 80' lang='lat' dir='ltr'>multos</span> <span class='ocrx_word' id='word_1_85' title='bbox 786 382 828 403; x_wconf 85' lang='lat' dir='ltr'>hae-</span> 
     </span>
     <span class='ocr_line' id='line_1_13' title="bbox 235 409 827 438; baseline 0.002 -9"><span class='ocrx_word' id='word_1_86' title='bbox 235 409 308 430; x_wconf 82' lang='lat' dir='ltr'>reticos</span> <span class='ocrx_word' id='word_1_87' title='bbox 317 410 441 431; x_wconf 78' lang='lat' dir='ltr'>aduersarios</span> <span class='ocrx_word' id='word_1_88' title='bbox 450 414 528 431; x_wconf 84' lang='lat' dir='ltr'>vestros</span> <span class='ocrx_word' id='word_1_89' title='bbox 537 410 558 430; x_wconf 83' lang='lat' dir='ltr'>in</span> <span class='ocrx_word' id='word_1_90' title='bbox 568 410 622 431; x_wconf 87' lang='lat' dir='ltr'>bello</span> <span class='ocrx_word' id='word_1_91' title='bbox 634 410 743 431; x_wconf 86' lang='lat' dir='ltr'>iustissimo</span> <span class='ocrx_word' id='word_1_92' title='bbox 758 418 794 438; x_wconf 89' lang='lat' dir='ltr'>pro</span> <span class='ocrx_word' id='word_1_93' title='bbox 804 410 827 430; x_wconf 86' lang='lat' dir='ltr'>fi.</span> 
     </span>
     <span class='ocr_line' id='line_1_14' title="bbox 234 437 826 466; baseline 0.002 -9"><span class='ocrx_word' id='word_1_94' title='bbox 234 437 261 457; x_wconf 87' lang='lat' dir='ltr'>de</span> <span class='ocrx_word' id='word_1_95' title='bbox 271 437 381 463; x_wconf 75' lang='lat' dir='ltr'>Catholica,</span> <span class='ocrx_word' id='word_1_96' title='bbox 393 446 430 466; x_wconf 90' lang='lat' dir='ltr'>pro</span> <span class='ocrx_word' id='word_1_97' title='bbox 439 438 503 466; x_wconf 81' lang='lat' dir='ltr'>patria</span> <span class='ocrx_word' id='word_1_98' title='bbox 512 438 592 463; x_wconf 79' lang='lat' dir='ltr'>dilecta⁷</span> <span class='ocrx_word' id='word_1_99' title='bbox 601 446 638 466; x_wconf 86' lang='lat' dir='ltr'>pro</span> <span class='ocrx_word' id='word_1_100' title='bbox 647 438 699 462; x_wconf 84' lang='lat' dir='ltr'>vitis,</span> <span class='ocrx_word' id='word_1_101' title='bbox 712 442 733 458; x_wconf 85' lang='lat' dir='ltr'>et</span> <span class='ocrx_word' id='word_1_102' title='bbox 741 438 826 459; x_wconf 73' lang='lat' dir='ltr'>fortunis</span> 
     </span>
     <span class='ocr_line' id='line_1_15' title="bbox 234 465 826 494; baseline 0.003 -10"><span class='ocrx_word' id='word_1_103' title='bbox 234 465 309 485; x_wconf 74' lang='lat' dir='ltr'>vestris.</span> <span class='ocrx_word' id='word_1_104' title='bbox 334 466 366 486; x_wconf 81' lang='lat' dir='ltr'>Eli</span> <span class='ocrx_word' id='word_1_105' title='bbox 381 467 409 487; x_wconf 86' lang='lat' dir='ltr'>ite</span> <span class='ocrx_word' id='word_1_106' title='bbox 428 466 489 494; x_wconf 86' lang='lat' dir='ltr'>igitur</span> <span class='ocrx_word' id='word_1_107' title='bbox 507 465 586 494; x_wconf 83' lang='lat' dir='ltr'>Regem</span> <span class='ocrx_word' id='word_1_108' title='bbox 603 466 732 487; x_wconf 76' lang='lat' dir='ltr'>vernaculum</span> <span class='ocrx_word' id='word_1_109' title='bbox 741 467 826 493; x_wconf 74' lang='lat' dir='ltr'>fratrem</span> 
     </span>
     <span class='ocr_line' id='line_1_16' title="bbox 233 493 825 521; baseline 0.002 -8"><span class='ocrx_word' id='word_1_110' title='bbox 233 496 313 513; x_wconf 67' lang='lat' dir='ltr'>vestram</span> <span class='ocrx_word' id='word_1_111' title='bbox 334 494 370 514; x_wconf 81' lang='lat' dir='ltr'>Cat</span> <span class='ocrx_word' id='word_1_112' title='bbox 386 494 459 514; x_wconf 86' lang='lat' dir='ltr'>olicnm</span> <span class='ocrx_word' id='word_1_113' title='bbox 479 493 567 521; x_wconf 83' lang='lat' dir='ltr'>aliquem</span> <span class='ocrx_word' id='word_1_114' title='bbox 586 493 707 515; x_wconf 80' lang='lat' dir='ltr'>Hibernnm.</span> <span class='ocrx_word' id='word_1_115' title='bbox 740 494 785 515; x_wconf 86' lang='lat' dir='ltr'>Nec</span> <span class='ocrx_word' id='word_1_116' title='bbox 804 494 825 514; x_wconf 88' lang='lat' dir='ltr'>in</span> 
     </span>
     <span class='ocr_line' id='line_1_17' title="bbox 233 521 824 549; baseline 0.002 -8"><span class='ocrx_word' id='word_1_117' title='bbox 233 524 324 541; x_wconf 81' lang='lat' dir='ltr'>mentem</span> <span class='ocrx_word' id='word_1_118' title='bbox 335 522 393 542; x_wconf 89' lang='lat' dir='ltr'>vobis</span> <span class='ocrx_word' id='word_1_119' title='bbox 407 522 475 542; x_wconf 85' lang='lat' dir='ltr'>veniat</span> <span class='ocrx_word' id='word_1_120' title='bbox 490 521 561 549; x_wconf 78' lang='lat' dir='ltr'>aliquis</span> <span class='ocrx_word' id='word_1_121' title='bbox 575 521 687 547; x_wconf 71' lang='lat' dir='ltr'>haereticus,</span> <span class='ocrx_word' id='word_1_122' title='bbox 697 529 758 549; x_wconf 86' lang='lat' dir='ltr'>quem</span> <span class='ocrx_word' id='word_1_123' title='bbox 768 522 824 542; x_wconf 88' lang='lat' dir='ltr'>nullo</span> 
     </span>
     <span class='ocr_line' id='line_1_18' title="bbox 233 548 824 577; baseline 0.003 -9"><span class='ocrx_word' id='word_1_124' title='bbox 233 548 296 569; x_wconf 82' lang='lat' dir='ltr'>modo</span> <span class='ocrx_word' id='word_1_125' title='bbox 310 549 389 570; x_wconf 88' lang='lat' dir='ltr'>debetis</span> <span class='ocrx_word' id='word_1_126' title='bbox 404 549 517 575; x_wconf 81' lang='lat' dir='ltr'>admittere,</span> <span class='ocrx_word' id='word_1_127' title='bbox 529 550 571 570; x_wconf 90' lang='lat' dir='ltr'>imo</span> <span class='ocrx_word' id='word_1_128' title='bbox 581 550 659 570; x_wconf 83' lang='lat' dir='ltr'>debetis</span> <span class='ocrx_word' id='word_1_129' title='bbox 669 557 710 570; x_wconf 85' lang='lat' dir='ltr'>non</span> <span class='ocrx_word' id='word_1_130' title='bbox 720 550 824 577; x_wconf 88' lang='lat' dir='ltr'>permitte-</span> 
     </span>
     <span class='ocr_line' id='line_1_19' title="bbox 233 576 824 598; baseline 0.003 -2"><span class='ocrx_word' id='word_1_131' title='bbox 233 584 254 597; x_wconf 89' lang='lat' dir='ltr'>re</span> <span class='ocrx_word' id='word_1_132' title='bbox 264 576 304 598; x_wconf 82' lang='lat' dir='ltr'>tale</span> <span class='ocrx_word' id='word_1_133' title='bbox 313 581 438 598; x_wconf 84' lang='lat' dir='ltr'>monstrum:</span> <span class='ocrx_word' id='word_1_134' title='bbox 454 581 475 598; x_wconf 86' lang='lat' dir='ltr'>et</span> <span class='ocrx_word' id='word_1_135' title='bbox 485 577 513 598; x_wconf 83' lang='lat' dir='ltr'>sie</span> <span class='ocrx_word' id='word_1_136' title='bbox 522 577 596 598; x_wconf 80' lang='lat' dir='ltr'>imitari</span> <span class='ocrx_word' id='word_1_137' title='bbox 606 577 683 598; x_wconf 82' lang='lat' dir='ltr'>debetis</span> <span class='ocrx_word' id='word_1_138' title='bbox 693 582 775 598; x_wconf 82' lang='lat' dir='ltr'>caeteras</span> <span class='ocrx_word' id='word_1_139' title='bbox 789 585 824 598; x_wconf 79' lang='lat' dir='ltr'>na-</span> 
     </span>
     <span class='ocr_line' id='line_1_20' title="bbox 232 604 824 634; baseline 0.003 -10"><span class='ocrx_word' id='word_1_140' title='bbox 232 604 305 629; x_wconf 84' lang='lat' dir='ltr'>tiones,</span> <span class='ocrx_word' id='word_1_141' title='bbox 319 612 365 633; x_wconf 84' lang='lat' dir='ltr'>qnae</span> <span class='ocrx_word' id='word_1_142' title='bbox 379 613 425 626; x_wconf 85' lang='lat' dir='ltr'>suos</span> <span class='ocrx_word' id='word_1_143' title='bbox 440 605 514 634; x_wconf 79' lang='lat' dir='ltr'>Reges,</span> <span class='ocrx_word' id='word_1_144' title='bbox 532 605 624 626; x_wconf 81' lang='lat' dir='ltr'>eiusdem</span> <span class='ocrx_word' id='word_1_145' title='bbox 640 606 727 626; x_wconf 84' lang='lat' dir='ltr'>nationis</span> <span class='ocrx_word' id='word_1_146' title='bbox 742 605 824 626; x_wconf 85' lang='lat' dir='ltr'>habent.</span> 
     </span>
     <span class='ocr_line' id='line_1_21' title="bbox 232 633 823 662; baseline 0.002 -9"><span class='ocrx_word' id='word_1_147' title='bbox 232 633 307 660; x_wconf 83' lang='lat' dir='ltr'>Anglia</span> <span class='ocrx_word' id='word_1_148' title='bbox 316 634 381 654; x_wconf 83' lang='lat' dir='ltr'>vicina</span> <span class='ocrx_word' id='word_1_149' title='bbox 391 637 457 654; x_wconf 82' lang='lat' dir='ltr'>vestra.</span> <span class='ocrx_word' id='word_1_150' title='bbox 465 642 477 655; x_wconf 81' lang='lat' dir='ltr'>a</span> <span class='ocrx_word' id='word_1_151' title='bbox 486 634 552 662; x_wconf 90' lang='lat' dir='ltr'>primo</span> <span class='ocrx_word' id='word_1_152' title='bbox 561 634 618 661; x_wconf 83' lang='lat' dir='ltr'>Rege</span> <span class='ocrx_word' id='word_1_153' title='bbox 626 641 662 654; x_wconf 87' lang='lat' dir='ltr'>suo</span> <span class='ocrx_word' id='word_1_154' title='bbox 670 634 766 661; x_wconf 83' lang='lat' dir='ltr'>Egberto,</span> <span class='ocrx_word' id='word_1_155' title='bbox 775 641 823 661; x_wconf 86' lang='lat' dir='ltr'>vsq;</span> 
     </span>
     <span class='ocr_line' id='line_1_22' title="bbox 231 660 824 689; baseline 0.002 -8"><span class='ocrx_word' id='word_1_156' title='bbox 231 660 257 680; x_wconf 82' lang='lat' dir='ltr'>ad</span> <span class='ocrx_word' id='word_1_157' title='bbox 268 661 361 682; x_wconf 78' lang='lat' dir='ltr'>Carolum</span> <span class='ocrx_word' id='word_1_158' title='bbox 374 669 428 682; x_wconf 86' lang='lat' dir='ltr'>nune</span> <span class='ocrx_word' id='word_1_159' title='bbox 440 665 559 689; x_wconf 76' lang='lat' dir='ltr'>regnantem</span> <span class='ocrx_word' id='word_1_160' title='bbox 568 662 639 683; x_wconf 87' lang='lat' dir='ltr'>habuit</span> <span class='ocrx_word' id='word_1_161' title='bbox 650 663 681 683; x_wconf 82' lang='lat'>45.</span> <span class='ocrx_word' id='word_1_162' title='bbox 698 662 765 689; x_wconf 84' lang='lat' dir='ltr'>Reges</span> <span class='ocrx_word' id='word_1_163' title='bbox 777 669 824 689; x_wconf 86' lang='lat' dir='ltr'>pro-</span> 
     </span>
     <span class='ocr_line' id='line_1_23' title="bbox 230 688 823 718; baseline 0.003 -10"><span class='ocrx_word' id='word_1_164' title='bbox 230 688 291 715; x_wconf 87' lang='lat' dir='ltr'>prios.</span> <span class='ocrx_word' id='word_1_165' title='bbox 313 689 365 710; x_wconf 82' lang='lat' dir='ltr'>Vide</span> <span class='ocrx_word' id='word_1_166' title='bbox 378 690 489 717; x_wconf 85' lang='lat' dir='ltr'>Georgium</span> <span class='ocrx_word' id='word_1_167' title='bbox 501 689 584 715; x_wconf 88' lang='lat' dir='ltr'>Lilium,</span> <span class='ocrx_word' id='word_1_168' title='bbox 595 690 617 710; x_wconf 89' lang='lat' dir='ltr'>in</span> <span class='ocrx_word' id='word_1_169' title='bbox 629 690 725 718; x_wconf 86' lang='lat' dir='ltr'>Epitome</span> <span class='ocrx_word' id='word_1_170' title='bbox 741 689 823 717; x_wconf 82' lang='lat' dir='ltr'>Regum</span> 
     </span>
     <span class='ocr_line' id='line_1_24' title="bbox 231 717 822 745; baseline 0.002 -8"><span class='ocrx_word' id='word_1_171' title='bbox 231 717 318 744; x_wconf 87' lang='lat' dir='ltr'>Angliae.</span> <span class='ocrx_word' id='word_1_172' title='bbox 337 717 404 738; x_wconf 80' lang='lat' dir='ltr'>Scotia</span> <span class='ocrx_word' id='word_1_173' title='bbox 416 718 482 738; x_wconf 86' lang='lat' dir='ltr'>adhue</span> <span class='ocrx_word' id='word_1_174' title='bbox 491 717 576 738; x_wconf 81' lang='lat' dir='ltr'>vicinior</span> <span class='ocrx_word' id='word_1_175' title='bbox 585 718 656 738; x_wconf 82' lang='lat' dir='ltr'>habuit</span> <span class='ocrx_word' id='word_1_176' title='bbox 667 718 727 739; x_wconf 82' lang='lat' dir='ltr'>etiam</span> <span class='ocrx_word' id='word_1_177' title='bbox 736 718 747 738; x_wconf 57' lang='grc' dir='ltr'>ἒι</span> <span class='ocrx_word' id='word_1_178' title='bbox 756 718 822 745; x_wconf 86' lang='lat' dir='ltr'>primo</span> 
     </span>
     <span class='ocr_line' id='line_1_25' title="bbox 231 743 821 773; baseline 0.003 -9"><span class='ocrx_word' id='word_1_179' title='bbox 231 743 289 772; x_wconf 83' lang='lat' dir='ltr'>Rege</span> <span class='ocrx_word' id='word_1_180' title='bbox 303 752 339 765; x_wconf 85' lang='lat' dir='ltr'>suo</span> <span class='ocrx_word' id='word_1_181' title='bbox 352 745 449 773; x_wconf 83' lang='lat' dir='ltr'>Fergusio</span> <span class='ocrx_word' id='word_1_182' title='bbox 461 753 524 773; x_wconf 87' lang='lat' dir='ltr'>vsque</span> <span class='ocrx_word' id='word_1_183' title='bbox 534 746 559 766; x_wconf 85' lang='lat' dir='ltr'>ad</span> <span class='ocrx_word' id='word_1_184' title='bbox 569 745 665 766; x_wconf 81' lang='lat' dir='ltr'>Iacobum</span> <span class='ocrx_word' id='word_1_185' title='bbox 676 748 694 766; x_wconf 86' lang='lat'>6.</span> <span class='ocrx_word' id='word_1_186' title='bbox 710 746 745 773; x_wconf 87' lang='lat' dir='ltr'>qui</span> <span class='ocrx_word' id='word_1_187' title='bbox 760 745 821 766; x_wconf 79' lang='lat' dir='ltr'>etiam</span> 
     </span>
     <span class='ocr_line' id='line_1_26' title="bbox 231 772 822 801; baseline 0.002 -9"><span class='ocrx_word' id='word_1_188' title='bbox 231 772 326 799; x_wconf 84' lang='lat' dir='ltr'>Angliam</span> <span class='ocrx_word' id='word_1_189' title='bbox 337 774 450 801; x_wconf 82' lang='lat' dir='ltr'>occupauit,</span> <span class='ocrx_word' id='word_1_190' title='bbox 464 775 501 794; x_wconf 80' lang='lat'>108</span> <span class='ocrx_word' id='word_1_191' title='bbox 512 773 585 801; x_wconf 88' lang='lat' dir='ltr'>Reges,</span> <span class='ocrx_word' id='word_1_192' title='bbox 596 777 648 794; x_wconf 86' lang='lat' dir='ltr'>teste</span> <span class='ocrx_word' id='word_1_193' title='bbox 659 774 748 801; x_wconf 87' lang='lat' dir='ltr'>Georgio</span> <span class='ocrx_word' id='word_1_194' title='bbox 759 773 822 793; x_wconf 80' lang='lat' dir='ltr'>Buca-</span> 
     </span>
     <span class='ocr_line' id='line_1_27' title="bbox 230 800 822 829; baseline 0.002 -9"><span class='ocrx_word' id='word_1_195' title='bbox 230 807 257 820; x_wconf 88' lang='lat' dir='ltr'>no</span> <span class='ocrx_word' id='word_1_196' title='bbox 267 800 287 820; x_wconf 88' lang='lat' dir='ltr'>in</span> <span class='ocrx_word' id='word_1_197' title='bbox 299 801 395 829; x_wconf 83' lang='lat' dir='ltr'>Catalogo</span> <span class='ocrx_word' id='word_1_198' title='bbox 406 801 423 821; x_wconf 85' lang='lat' dir='ltr'>R</span> <span class='ocrx_word' id='word_1_199' title='bbox 466 809 487 821; x_wconf 91' lang='lat' dir='ltr'>m</span> <span class='ocrx_word' id='word_1_200' title='bbox 498 801 577 822; x_wconf 85' lang='lat' dir='ltr'>Scotiae.</span> <span class='ocrx_word' id='word_1_201' title='bbox 593 802 660 825; x_wconf 82' lang='lat' dir='ltr'>Quare</span> <span class='ocrx_word' id='word_1_202' title='bbox 674 802 735 829; x_wconf 85' lang='lat' dir='ltr'>igitur</span> <span class='ocrx_word' id='word_1_203' title='bbox 748 801 822 822; x_wconf 87' lang='lat' dir='ltr'>Hiber-</span> 
     </span>
     <span class='ocr_line' id='line_1_28' title="bbox 229 828 821 857; baseline 0.002 -9"><span class='ocrx_word' id='word_1_204' title='bbox 229 828 262 848; x_wconf 83' lang='lat' dir='ltr'>nia</span> <span class='ocrx_word' id='word_1_205' title='bbox 271 828 324 856; x_wconf 86' lang='lat' dir='ltr'>(quae</span> <span class='ocrx_word' id='word_1_206' title='bbox 336 833 383 850; x_wconf 83' lang='lat' dir='ltr'>ante</span> <span class='ocrx_word' id='word_1_207' title='bbox 398 830 446 857; x_wconf 83' lang='lat' dir='ltr'>Aug</span> <span class='ocrx_word' id='word_1_208' title='bbox 454 837 513 850; x_wconf 90' lang='lat' dir='ltr'>orum</span> <span class='ocrx_word' id='word_1_209' title='bbox 527 829 638 850; x_wconf 74' lang='lat' dir='ltr'>aduentum</span> <span class='ocrx_word' id='word_1_210' title='bbox 647 830 718 850; x_wconf 86' lang='lat' dir='ltr'>habuit</span> <span class='ocrx_word' id='word_1_211' title='bbox 729 831 768 850; x_wconf 88' lang='lat'>190</span> <span class='ocrx_word' id='word_1_212' title='bbox 780 829 821 849; x_wconf 90' lang='lat' dir='ltr'>Re-</span> 
     </span>
     <span class='ocr_line' id='line_1_29' title="bbox 227 857 821 885; baseline 0.002 -9"><span class='ocrx_word' id='word_1_213' title='bbox 227 863 269 883; x_wconf 86' lang='lat' dir='ltr'>ges,</span> <span class='ocrx_word' id='word_1_214' title='bbox 279 860 300 877; x_wconf 84' lang='lat' dir='ltr'>et</span> <span class='ocrx_word' id='word_1_215' title='bbox 309 864 354 884; x_wconf 82' lang='lat' dir='ltr'>quae</span> <span class='ocrx_word' id='word_1_216' title='bbox 364 857 425 885; x_wconf 78' lang='lat' dir='ltr'>longe</span> <span class='ocrx_word' id='word_1_217' title='bbox 434 857 561 885; x_wconf 72' lang='lat' dir='ltr'>praestantius</span> <span class='ocrx_word' id='word_1_218' title='bbox 576 857 608 878; x_wconf 83' lang='lat' dir='ltr'>Re</span> <span class='ocrx_word' id='word_1_219' title='bbox 637 865 671 878; x_wconf 89' lang='lat' dir='ltr'>um</span> <span class='ocrx_word' id='word_1_220' title='bbox 682 861 718 882; x_wconf 87' lang='lat' dir='ltr'>est,</span> <span class='ocrx_word' id='word_1_221' title='bbox 732 861 753 878; x_wconf 90' lang='lat' dir='ltr'>et</span> <span class='ocrx_word' id='word_1_222' title='bbox 762 857 821 877; x_wconf 77' lang='lat' dir='ltr'>mini-</span> 
     </span>
     <span class='ocr_line' id='line_1_30' title="bbox 228 885 821 913; baseline 0.002 -9"><span class='ocrx_word' id='word_1_223' title='bbox 228 891 262 904; x_wconf 88' lang='lat' dir='ltr'>me</span> <span class='ocrx_word' id='word_1_224' title='bbox 272 885 407 912; x_wconf 77' lang='lat' dir='ltr'>comparanda</span> <span class='ocrx_word' id='word_1_225' title='bbox 416 892 463 905; x_wconf 84' lang='lat' dir='ltr'>cnm</span> <span class='ocrx_word' id='word_1_226' title='bbox 476 885 557 913; x_wconf 86' lang='lat' dir='ltr'>Anglia,</span> <span class='ocrx_word' id='word_1_227' title='bbox 568 888 590 906; x_wconf 92' lang='lat' dir='ltr'>et</span> <span class='ocrx_word' id='word_1_228' title='bbox 619 885 673 906; x_wconf 85' lang='lat' dir='ltr'>cotia</span> <span class='ocrx_word' id='word_1_229' title='bbox 685 885 705 905; x_wconf 87' lang='lat' dir='ltr'>in</span> <span class='ocrx_word' id='word_1_230' title='bbox 715 885 759 905; x_wconf 84' lang='lat' dir='ltr'>oaeli</span> <span class='ocrx_word' id='word_1_231' title='bbox 769 888 821 905; x_wconf 90' lang='lat' dir='ltr'>tem-</span> 
     </span>
     <span class='ocr_line' id='line_1_31' title="bbox 228 912 821 940; baseline 0 -8"><span class='ocrx_word' id='word_1_232' title='bbox 228 912 290 939; x_wconf 86' lang='lat' dir='ltr'>perie,</span> <span class='ocrx_word' id='word_1_233' title='bbox 300 913 336 933; x_wconf 83' lang='lat' dir='ltr'>soli</span> <span class='ocrx_word' id='word_1_234' title='bbox 346 913 454 938; x_wconf 79' lang='lat' dir='ltr'>fertilitate,</span> <span class='ocrx_word' id='word_1_235' title='bbox 463 913 599 938; x_wconf 77' lang='lat' dir='ltr'>faecunditate,</span> <span class='ocrx_word' id='word_1_236' title='bbox 606 917 627 934; x_wconf 87' lang='lat' dir='ltr'>et</span> <span class='ocrx_word' id='word_1_237' title='bbox 636 913 766 940; x_wconf 83' lang='lat' dir='ltr'>abnndantia)</span> <span class='ocrx_word' id='word_1_238' title='bbox 774 920 821 940; x_wconf 85' lang='lat' dir='ltr'>pro-</span> 
     </span>
    </p>

    <p class='ocr_par' dir='ltr' id='par_1_3' title="bbox 228 940 820 1024">
     <span class='ocr_line' id='line_1_32' title="bbox 243 940 820 969; baseline 0 -9"><span class='ocrx_word' id='word_1_239' title='bbox 243 940 272 960; x_wconf 86' lang='lat' dir='ltr'>rio</span> <span class='ocrx_word' id='word_1_240' title='bbox 289 941 364 961; x_wconf 79' lang='lat' dir='ltr'>carebit</span> <span class='ocrx_word' id='word_1_241' title='bbox 378 941 448 968; x_wconf 86' lang='lat' dir='ltr'>Rege?</span> <span class='ocrx_word' id='word_1_242' title='bbox 477 940 575 966; x_wconf 77' lang='lat' dir='ltr'>Maxime,</span> <span class='ocrx_word' id='word_1_243' title='bbox 591 941 638 969; x_wconf 76' lang='lat' dir='ltr'>quin</span> <span class='ocrx_word' id='word_1_244' title='bbox 652 941 783 962; x_wconf 87' lang='lat' dir='ltr'>inueniuntur</span> <span class='ocrx_word' id='word_1_245' title='bbox 799 940 820 960; x_wconf 92' lang='lat' dir='ltr'>in</span> 
     </span>
     <span class='ocr_line' id='line_1_33' title="bbox 228 947 820 997; baseline 0 -9"><span class='ocrx_word' id='word_1_246' title='bbox 228 947 327 989; x_wconf 48' lang='lat' dir='ltr'>hibernia</span> <span class='ocrx_word' id='word_1_247' title='bbox 345 972 414 990; x_wconf 78' lang='lat' dir='ltr'>nostra</span> <span class='ocrx_word' id='word_1_248' title='bbox 432 969 491 990; x_wconf 87' lang='lat' dir='ltr'>multi</span> <span class='ocrx_word' id='word_1_249' title='bbox 508 968 545 990; x_wconf 91' lang='lat' dir='ltr'>viri</span> <span class='ocrx_word' id='word_1_250' title='bbox 560 968 662 997; x_wconf 86' lang='lat' dir='ltr'>Principes</span> <span class='ocrx_word' id='word_1_251' title='bbox 680 968 785 993; x_wconf 81' lang='lat' dir='ltr'>Catholici,</span> <span class='ocrx_word' id='word_1_252' title='bbox 799 972 820 988; x_wconf 90' lang='lat' dir='ltr'>et</span> 
     </span>
     <span class='ocr_line' id='line_1_34' title="bbox 711 996 818 1024; baseline -0.009 -7"><span class='ocrx_word' id='word_1_253' title='bbox 711 996 818 1024; x_wconf 81' lang='lat' dir='ltr'>optimates</span> 
     </span>
    </p>
   </div>
  </div>
 </body>
</html>
