3456 4734
318 308 375 392 26

265 476 308 550 st
326 462 369 547 in
389 462 543 549 ceteris
561 474 725 573 negant
777 458 950 562 Vellem,
976 476 1021 544 vt
1038 461 1229 546 homines
1246 461 1458 546 oohaeren-

266 574 361 677 tius,
379 590 423 660 et
439 572 574 659 verius
591 572 828 674 scriberent,
840 588 884 656 et
896 572 1175 684 loquerentur,
1192 605 1247 658 ne
1264 573 1341 656 ubi
1358 603 1459 656 cou-

268 686 375 816 mfbi
406 682 634 787 videantur,
665 685 791 771 stab
823 682 911 795 olijs
943 683 1209 806 irrideantur..
1255 685 1338 769 Sed
1365 685 1458 767 haec

269 797 535 993 obrqtpunaw
571 921 725 1009 tomen,
770 924 814 993 et
850 935 935 991 uon
974 937 1171 993 concesso
1207 850 1319 1018 quod
1356 907 1458 991 illud

268 1018 560 1217 pliflpcpstolicum
586 1018 791 1105 indultum
823 1017 995 1103 Adriani
1012 1021 1154 1116 Quarti
1175 1019 1333 1103 Summi
1351 1017 1461 1100 Pon-

288 1129 297 1150 ‘
370 1159 401 1233 s,
419 1158 502 1243 quo
514 1159 558 1215 se
573 1128 700 1242 Angli
714 1131 860 1215 volunt
875 1147 1103 1242 protegere,
1121 1135 1164 1214 et
1182 1131 1225 1214 in
1244 1159 1327 1242 quo
1345 1158 1460 1240 mag·

268 1269 364 1329 usm
394 1270 479 1328 suoe
504 1240 669 1327 iustitiae
693 1259 851 1354 portem
880 1241 1098 1343 collocant,
1115 1261 1223 1326 esset
1241 1271 1398 1343 verum,
1415 1259 1460 1325 et

268 1353 513 1467 legitimum,
531 1373 574 1437 et
592 1351 705 1437 nullo
725 1353 998 1466 subreptionis
1019 1354 1121 1438 vitio
1139 1355 1330 1437 affectum
1349 1390 1360 1453 3
1388 1353 1460 1434 rul-

268 1464 350 1549 huc
370 1463 532 1551 illorum
553 1464 731 1549 obiectio
760 1493 844 1549 non
872 1466 1161 1566 conuinceret3
1188 1466 1338 1577 primo,
1365 1465 1461 1594 quis

270 1574 527 1663 conditiones
546 1574 587 1658 in
608 1576 680 1659 illo
694 1575 867 1679 indulto,
886 1606 957 1661 seu
976 1575 1087 1661 bulla
1105 1580 1251 1689 positae
1270 1605 1355 1661 non
1373 1582 1460 1659 tue·

270 1702 366 1774 runt
384 1686 567 1801 impletae
586 1689 610 1771 ὲ
629 1686 746 1799 Rege
766 1686 964 1790 Henrico,
982 1717 1059 1773 nec
1078 1693 1129 1771 ab
1148 1691 1236 1774 eius
1254 1716 1460 1772 successo·

270 1797 380 1885 ribus
409 1796 593 1911 Regibus
622 1799 747 1884 etiam
778 1799 1011 1901 Catholicis,
1032 1815 1076 1885 et
1094 1801 1226 1887 mutto
1246 1803 1381 1884 minus
1409 1801 1460 1882 ab

269 1910 422 1996 ultimis
441 1910 622 2025 quinque
642 1909 825 2022 Regibus
841 1911 1051 2011 haereticis,
1069 1913 1139 2024 qui
1158 1911 1323 1997 fuerunt
1346 1910 1460 1994 Hen-

271 2022 377 2107 ricus
398 2022 591 2125 Octuuus,
617 2020 830 2107 Eduardus
851 2022 1010 2124 Sextus,
1030 2022 1247 2123 Elisabeta,
1277 2024 1461 2122 Iacobus,
1576 2037 1583 2050 ’

272 2147 314 2218 et
345 2132 523 2219 Carolus.
555 2148 600 2217 vt
627 2134 730 2218 infru
758 2134 893 2220 statim
923 2132 1239 2235 demonstrab03
1268 2133 1463 2232 secundo,

272 2276 283 2327 r
300 2245 367 2332 uis
377 2259 520 2332 extant
531 2242 608 2332 olis
619 2245 789 2349 indultu,
799 2273 872 2330 seu
882 2244 1002 2330 bullae
1013 2244 1183 2330 aliorum
1198 2247 1461 2333 summorum

272 2274 518 2441 iontifioum
547 2357 835 2470 posteriorum,
885 2386 945 2441 uae
973 2355 1229 2459 Hiberniam,
1248 2376 1291 2443 et
1311 2358 1462 2442 Hiber-

271 2496 346 2552 nos
380 2469 430 2552 sb
461 2469 575 2554 omni
604 2469 834 2580 Anglorum
856 2386 1048 2553 ‘bominio
1077 2470 1278 2572 eximunt,
1295 2471 1461 2553 hortan-

271 2594 418 2693 turque
456 2576 565 2695 ipsos
604 2578 812 2665 Hibernos
849 2579 901 2665 ad
938 2581 1091 2664 iustum
1128 2580 1282 2665 bellum
1321 2595 1463 2665 contra

275 2691 434 2889 Anghm
462 2691 731 2794 mouendum,
756 2707 799 2777 et
827 2691 1124 2794 sustinendum,
1152 2707 1197 2776 vt
1215 2695 1340 2778 etiam
1360 2691 1463 2775 infe·

272 2802 354 2887 rius
402 2805 544 2890 ocebo.

327 2920 382 2999 30
403 2913 670 3001 conditiones
682 2913 849 3028 quidem
860 2916 1089 3030 praecipuae,
1100 2946 1193 3029 quae
1205 2917 1248 3000 in
1260 2917 1330 3005 illo
1340 2917 1464 3001 Adri-

272 3024 339 3110 sni
361 3025 502 3120 Quarti
524 3024 682 3113 indulto
702 3027 981 3140 exigebantur,
1008 3030 1104 3113 sunt
1121 3030 1235 3130 istae3
1263 3031 1465 3141 primunt
1544 3033 1548 3037 ’

272 3135 459 3221 [testeus
472 3138 688 3241 limitetur
699 3142 849 3224 termini
863 3140 1081 3231 dilatentur·
1099 3139 1295 3226 Secunda„
1321 3145 1365 3225 Vt
1378 3145 1465 3226 viti·

272 3274 379 3333 orum
408 3250 584 3338 decursus
608 3255 872 3363 restringatur.
921 3249 1069 3336 Tertio.
1129 3255 1172 3334 Vt
1194 3258 1316 3363 praru
1343 3281 1465 3337 mores

274 3363 531 3471 corrigantur·
576 3364 738 3458 Quarta.
796 3365 839 3445 Vt
862 3363 1086 3451 Christiano
1103 3366 1242 3475 religio
1259 3379 1462 3476 augeatur¹

276 3470 438 3566 Quinta.
483 3476 526 3558 Vt
544 3474 621 3561 Det
635 3476 768 3576 uultu,
785 3487 821 3558 et
833 3476 969 3576 bonor,
982 3487 1018 3558 st
1032 3477 1136 3560 satus
1150 3481 1364 3561 animorum
1382 3506 1465 3559 mu-

272 3587 368 3667 uirus
374 3597 613 3695 procuretur.
630 3586 762 3673 Sexto„
786 3589 896 3671 Vrtts
912 3586 1465 3675 Eccteuuucumsemeurtu
1532 3609 1537 3617 ·

272 3694 630 3812 togruutSeptimu.
648 3701 690 3782 Vt
701 3701 1295 3811 ououopeuriouoirisdeuorijd
1306 3702 1465 3808 siugulis

274 3806 406 3917 Ruprtt'
424 3810 590 3897 (turribus
603 3812 798 3914 soluendo,
811 3838 887 3894 nort
904 3811 1075 3912 tollatur,
1091 3815 1160 3895 sed
1169 3813 1351 3897 soluatur.
1381 3809 1465 3897 Hae

277 3946 422 4007 omues
451 3920 708 4009 conditiones
727 3921 833 4008 clurb
857 3920 1104 4034 colliguntur
1122 3952 1175 4008 ex
1194 3925 1327 4008 verbis
1348 3925 1465 4008 Sum-

276 4030 331 4115 mi
362 4028 571 4119 Pontiticis
606 4032 779 4121 Adriani
811 4032 954 4130 Quarti
984 4041 1189 4121 contentis
1220 4034 1265 4121 in
1298 4035 1373 4228 iilp1
1403 4036 1464 4225 pr·

1377 4159 1462 4229 uto
