3456 4734
360 523 448 577 esse.
504 487 627 585 Quod
644 488 795 573 salsum
809 498 883 588 est,
910 514 1004 571 cum
1032 487 1109 573 iste
1136 486 1294 574 adulter
1322 488 1540 573 iustissime

363 601 484 689 fuerit
512 599 704 713 expulsus
723 598 817 711 quia
834 626 1004 682 vxorem
1032 599 1206 683 alienam
1237 600 1384 715 rapuit,
1409 616 1452 686 et
1479 631 1541 685 re-

363 715 530 799 stituere
548 712 694 813 noluit,
711 728 755 795 vt
768 709 923 793 dictum
938 726 1010 793 est
1052 711 1297 818 Secundum,
1311 711 1540 799 Licentiam

365 853 599 909 concessam
637 825 687 906 ab
732 820 915 905 Henrico
952 822 1142 905 omnibus
1173 821 1253 908 suis
1284 824 1466 926 subditis,
1497 839 1542 906 vt
1600 931 1601 934 Ν

361 936 623 1045 Dermysium
664 932 985 1037 committantur,
1021 933 1228 1038 adiuuent,
1264 952 1308 1020 et
1343 936 1539 1019 auxilium

365 1048 466 1132 dent
484 1048 525 1129 in
541 1062 626 1130 tam
654 1045 801 1158 injusta
828 1065 956 1127 causa
1014 1043 1220 1130 Tertium:
1249 1047 1328 1131 hoc
1347 1047 1541 1131 auxilium

325 1223 328 1226 .
364 1158 513 1242 iniuste
526 1156 708 1241 dandum
727 1158 995 1269 approbatum
1015 1156 1062 1239 iri
1082 1159 1114 1240 ir
1126 1156 1241 1267 Rege
1261 1158 1456 1243 Henrico·

424 1279 474 1354 13
530 1267 638 1351 Exul
657 1266 908 1377 Dermysius,
940 1268 1002 1350 his
1029 1266 1154 1352 literis
1187 1270 1237 1351 ab
1268 1267 1451 1355 Henrico
1480 1292 1547 1353 ac*

274 1393 296 1438 Ψ
367 1381 494 1494 ceptis
522 1379 564 1463 in
595 1379 789 1493 Angliam
817 1407 1013 1492 prospero
1039 1408 1131 1462 vsus
1158 1397 1286 1464 vento
1309 1381 1523 1494 nauigauit

450 1605 479 1713 (
485 1606 641 1689 Utinam
669 1617 772 1705 tuuc,
800 1603 1129 1712 RegauAaglieu
1147 1605 1263 1686 classe
1275 1608 1443 1714 petebat,

563 1719 726 1801 obruas
743 1718 885 1798 insanis
904 1727 994 1797 meet
1012 1718 1163 1797 adulter
1181 1718 1330 1825 aquis.)

422 1937 479 2022 Et
506 1938 548 2022 in
570 1939 787 2023 Ciuitatem
815 1936 1104 2023 Bristolensem
1130 1969 1174 2024 se
1199 1939 1384 2041 contulit,
1408 1942 1545 2054 ibique

364 2052 546 2162 praelatas
573 2048 721 2153 literas,
757 2077 851 2134 cum
888 2050 1013 2163 ipsius
1050 2050 1252 2163 Dermysij
1294 2050 1542 2140 liberalitatis

364 2162 524 2275 premio
549 2161 761 2274 inmagno
788 2162 1005 2246 hominum
1033 2178 1240 2248 conuentu
1266 2162 1448 2267 recitare,
1472 2195 1545 2251 ex·

322 2273 640 2386 ·‘emplariaque
658 2274 700 2356 in
720 2272 861 2375 saluis,
893 2289 935 2358 et
963 2273 1163 2377 columnis
1191 2272 1325 2386 palam
1354 2278 1544 2362 omnibus
1584 2311 1589 2318 ·

366 2385 655 2497 conspicienda
686 2384 863 2496 defigere
896 2384 1003 2469 fecit
1075 2387 1231 2480 Quibus
1264 2387 1432 2479 excitati
1460 2391 1543 2502 pri-

283 2560 286 2564 .
365 2497 480 2609 marij
500 2497 665 2608 quidam
684 2497 758 2580 viri
787 2524 953 2608 operam
987 2526 1114 2599 suam,
1142 2526 1347 2611 opemque
1376 2529 1543 2586 omnem

312 2677 314 2680 .
365 2608 423 2690 illi
437 2608 672 2693 reducendo
685 2609 930 2721 pollicentur
944 2623 987 2693 et
1003 2610 1272 2722 paciscuntur.
1314 2608 1416 2696 Inde
1434 2627 1542 2695 tran-

367 2721 475 2805 siens
499 2719 540 2803 in
564 2720 822 2822 Cambriam5
839 2749 911 2807 seu
931 2720 1116 2806 Vvaliam
1144 2735 1329 2806 veterum
1363 2722 1545 2806 Britano-

366 2861 457 2914 rum
476 2831 748 2934 Prouinciam,
764 2832 833 2915 vbi
853 2831 990 2944 plures
1009 2832 1180 2935 inuenit,
1237 2833 1276 2915 ui
1296 2833 1546 2935 semlerum,
1590 2872 1593 2878 ·

367 2944 568 3056 certisque
587 2943 889 3028 conditionibus
909 2944 1094 3029 similiter
1112 2862 1317 3056 sponbent
1335 2952 1378 3028 se
1397 2945 1456 3028 illi
1484 2946 1545 3030 fu·

368 3070 480 3138 turos
513 3056 785 3156 auxiliatorea
817 3072 859 3140 et
895 3055 1037 3141 socios.
1096 3055 1254 3150 Quibus
1281 3057 1401 3140 rebus
1433 3057 1546 3142 laetus

367 3165 621 3278 Dermysius,
645 3182 688 3251 et
705 3195 900 3252 accensus
917 3166 1122 3253 reuisendi
1140 3167 1312 3279 patriam
1331 3167 1548 3269 desiderio,

366 3278 408 3361 iu
429 3277 673 3362 Hiberniam
687 3277 895 3390 nauigauit
907 3293 1115 3390 tamquam
1134 3279 1329 3391 priuatus,
1346 3297 1389 3363 et
1407 3280 1547 3392 incog-

366 3390 490 3493 nitus,
525 3389 664 3502 ibique
704 3391 970 3503 perhyemem
999 3419 1121 3481 vnam
1149 3390 1256 3474 inter
1281 3420 1434 3502 paucos
1471 3392 1546 3475 sibi
1669 3439 1680 3460 .

364 3499 470 3585 fidos
487 3500 650 3586 delituit
667 3502 801 3588 donec
816 3502 880 3586 >ad
907 3491 1142 3586 c'ondictum
1171 3518 1334 3614 tempus
1362 3504 1547 3615 sequenti

365 3641 462 3699 vere
479 3642 534 3698 ex
554 3613 732 3697 Britania
750 3613 990 3726 seuAnglia
1009 3613 1220 3697 auxiliares
1239 3614 1382 3727 copiae,
1409 3629 1453 3698 et
1479 3643 1548 3699 eo·

366 3723 505 3808 hortas
532 3724 740 3810 venirent:
770 3755 868 3838 quas
901 3753 995 3810 cum
1029 3725 1241 3809 aduenisse
1269 3725 1548 3825 intellexisset,

364 3836 559 4027 prodiens
578 3865 631 3920 ex
650 3838 732 3922 suis
745 3833 921 3940 latebris,
931 3837 1102 3967 'excepit
1116 3837 1217 3938 illas,
1235 3866 1297 3940 ea,
1314 3867 1393 3965 qua
1412 3838 1547 3950 potuit

382 3946 619 4050 beralitate,
650 3964 772 4062 atque
805 3949 1119 4061 magnificentra.
1186 3947 1303 4032 Tunc
1340 3948 1547 4060 diuulgata

366 4056 487 4162 fama,
513 4060 624 4172 quod
643 4059 882 4173 Dermysius
910 4089 1004 4146 cum
1034 4060 1259 4162 innumeris
1288 4058 1546 4145 Britanorum

1475 4201 1547 4256 seu
