3456 4734
326 315 381 395 20

326 476 382 552 21·
423 465 508 552 -His
534 467 783 580 praenotatis,
817 465 943 552 lacile
969 465 1132 580 probari
1159 480 1296 580 potest
1324 481 1461 551 nostra

273 580 436 682 soluti0,
455 595 498 664 et
511 577 704 663 resolutio
719 607 772 663 ex
785 578 950 682 iuribus,
964 579 1199 681 rationibus,
1218 593 1260 664 et
1271 577 1462 662 Doctori·

272 696 361 776 bus.
410 691 504 775 Iura
525 689 635 775 enim
664 693 839 803 probant
865 691 1050 802 gratiam,
1086 706 1129 775 et
1156 689 1462 775 concessionem

273 807 463 889 obtentas
480 830 554 916 per
572 801 876 915 subreptionem
896 832 984 888 esse
1003 803 1144 886 nullas.
1177 802 1331 914 Capite·
1366 802 1464 884 Pos-

271 913 1465 1028 tulasti:derescriptisdbi·Commodumreportarerrondebetde

271 1029 484 1111 huiusmodi
500 1028 631 1127 literis,
648 1037 687 1109 vl
699 1036 792 1135 pole
808 1030 967 1111 ueritum
983 1028 1353 1136 tacita-impetratis·
1411 1023 1466 1106 Et

273 1140 417 1251 capite.
453 1137 727 1221 Constitutus:
748 1138 908 1222 eodem·
938 1137 1098 1221 Dicitur
1117 1167 1206 1222 esse
1223 1137 1394 1236 irritum,
1422 1151 1465 1219 et

274 1251 397 1334 inane
428 1248 624 1360 quidquid
653 1249 803 1334 virtute
831 1249 1036 1333 literarum
1075 1249 1466 1361 sic.'impetratarum

275 1361 334 1444 fit.
350 1362 421 1473 ¹Et
438 1362 481 1443 in
501 1359 635 1472 capite
652 1360 774 1443 finali.
805 1360 871 1444 De
889 1361 983 1472 filijs
1002 1359 1397 1444 Praesbiterorum-in
1427 1366 1464 1442 6.

209 1575 211 1578 Α
274 1477 344 1557 vbi
373 1471 567 1557 deridens
595 1489 732 1556 textus
766 1501 851 1555 non
879 1472 1013 1557 valere
1040 1473 1102 1555 dis
1133 1471 1386 1554 cusationem
1416 1469 1466 1552 ad

274 1584 385 1669 aliud
413 1581 657 1669 beneficium
686 1584 989 1695 impetrandum
1019 1586 1076 1667 ab*
1089 1502 1303 1694 illegitimo
1323 1585 1467 1665 obten-

194 1738 197 1743 ·
273 1711 372 1798 tam,
391 1697 424 1779 si
443 1695 553 1780 aliud
580 1695 690 1808 prius
722 1696 970 1808 impetraret,
985 1696 1075 1779 'nisi
1107 1694 1252 1806 prioris
1285 1694 1466 1778 defectus

272 1809 530 1904 mentionem
541 1807 672 1908 faciat,
683 1807 818 1891 reddit
830 1808 1030 1890 rationem
1043 1807 1106 1889 his
1118 1807 1258 1889 verbis,
1287 1809 1467 1889 Cumaea

272 1922 797 2029 atonisimilesedentr’paam
811 1946 895 2002 cum
908 1922 974 2002 illo
985 1919 1211 2030 pradictum
1219 1922 1391 2028 patiente
1404 1921 1468 1997 de-
1519 1949 1521 1954 ¹

262 2035 413 2142 fectum
444 2033 615 2134 voluisse,
656 2035 688 2114 si
716 2033 787 2113 lroc
812 2034 953 2141 suisset
984 2055 1209 2140 expressum,
1236 2033 1466 2139 dispensare.

277 2142 384 2226 Vide
403 2142 527 2227 etiam
547 2159 678 2255 caput.
719 2142 842 2237 Quod
870 2171 990 2254 super
1007 2142 1082 2226 his.
1140 2141 1207 2225 De
1220 2142 1303 2226 lide
1321 2142 1468 2224 instru-

275 2268 511 2337 mentorum
532 2253 575 2335 in
594 2262 632 2338 6.

329 2371 390 2446 22
440 2363 638 2449 Rationes
656 2365 780 2449 etiam
801 2381 1023 2478 suppetunt
1040 2371 1172 2451 bonae.
1204 2363 1350 2462 Prima,
1373 2364 1467 2474 quia

274 2476 503 2587 ignorantia
515 2478 708 2578 veritatis
736 2478 800 2562 vel
813 2477 996 2562 salsitatis
1009 2478 1050 2578 ign
1069 2476 1268 2589 Principe,
1281 2477 1346 2560 vel
1363 2474 1470 2559 Prae-

274 2587 359 2671 lato
379 2603 515 2672 causat
534 2587 867 2691 inuoluntarium,
895 2619 966 2674 seu
992 2617 1078 2673 non
1097 2589 1371 2673 voluntarium
1387 2621 1399 2684 ;
1427 2601 1468 2667 at

275 2699 538 2812 dispensatio,
565 2700 631 2806 vel
650 2701 873 2802 concessio,
901 2703 1036 2785 sinon
1056 2702 1108 2784 sit
1130 2699 1375 2785 sufficienter
1400 2727 1468 2780 vo-

275 2809 462 2913 luntaria,
480 2811 557 2896 erit
575 2811 699 2913 nulla,
717 2814 812 2924 quia
829 2811 917 2899 sine
937 2814 1146 2897 voluntate
1165 2841 1249 2894 non
1276 2811 1396 2909 valet,
1424 2824 1468 2890 vt

277 2921 447 3006 euidens
458 2936 535 3008 est:
551 2952 662 3034 erge,
672 2925 745 3007 &a
761 2924 958 3028 Secunda,
971 2926 1065 3038 quia
1077 2923 1299 3022 concessi0‚
1313 2922 1379 3006 vel
1389 2919 1470 3002 dis·

272 3035 462 3144 pensatio
476 3047 539 3118 est
556 3049 669 3118 actus
687 3036 914 3121 humanus:
934 3065 1032 3147 ergo
1046 3036 1171 3120 debet
1180 3034 1402 3147 procedere
1417 3062 1469 3145 en

277 3144 489 3230 voluntate
524 3145 651 3231 libera
687 3147 867 3231 hominis
898 3147 1150 3232 intendentis
1178 3146 1343 3257 aliquod
1371 3171 1469 3256 ope-

277 3259 384 3358 rari3
413 3257 486 3341 sed
504 3255 707 3371 ignorans,
731 3258 953 3344 vel-errans
971 3286 1055 3344 non
1075 3257 1252 3343 intendit
1271 3256 1469 3341 concede-

277 3397 321 3451 re
340 3369 451 3480 quod
471 3369 559 3481 ipse
578 3369 750 3482 ignorat,
768 3385 812 3456 et
829 3372 880 3456 ab
895 3370 989 3482 ⁴ipso
1006 3371 1179 3500 petitur,
1190 3369 1268 3452 nisi
1288 3383 1470 3451 narretur

274 3481 313 3562 ei
332 3480 493 3584 veritas,
517 3479 585 3566 -vel
600 3511 689 3566 ⁴non
709 3482 786 3567 nisi
806 3484 880 3567 sub
900 3483 1142 3567 conditione·
1155 3481 1289 3580 tacita,
1315 3478 1380 3561 vel
1400 3507 1470 3561 ex-

275 3619 425 3702 pressa,
444 3591 477 3674 si
496 3621 561 3678 res
580 3593 637 3678 ita
655 3595 719 3698 sit,
737 3607 780 3678 et
795 3594 896 3678 nihil
910 3593 999 3679 falsi
1011 3593 1195 3696 addatur,
1212 3591 1278 3676 vel
1293 3588 1471 3674 occulte·

276 3720 354 3803 tur,
381 3705 454 3786 &c
493 3702 644 3808 Tertia,
671 3730 768 3790 narn
787 3720 900 3791 actus
918 3705 1128 3820 agentium
1142 3731 1233 3787 non
1251 3718 1471 3814 operantur

276 3812 380 3896 vltra
394 3815 667 3900 intentionem
679 3845 835 3903 eorum·
860 3819 911 3901 L·
926 3846 1002 3902 nou
1016 3820 1134 3902 omnis
1138 3819 1190 3926 ff.
1204 3818 1236 3899 si
1249 3826 1392 3898 certum
1401 3840 1472 3921 pe-

276 3935 404 4008 tatur:
425 3952 522 4038 ergo
535 3927 567 4009 si
580 3927 687 4014 desit
699 3929 875 4015 intentio
888 3929 932 4014 iu
947 3927 1215 4029 concedente,
1229 3924 1296 4010 vel
1309 3924 1473 4035 dispen-

279 4050 406 4139 sante,
420 4038 523 4121 nihil
537 4037 702 4138 efficiet:
722 4041 794 4126 sed
808 4041 842 4125 si
860 4041 966 4126 desit
984 4041 1186 4141 voluntas,
1204 4038 1321 4122 deest
1338 4035 1473 4119 interr·
1532 4038 1535 4045 ’

191 4164 193 4169 ’
278 4148 354 4230 tio:
370 4177 480 4260 ergo,
494 4150 567 4236 &c
591 4151 756 4256 Quarta,
775 4152 818 4238 in
829 4152 1009 4267 generali
1024 4148 1289 4240 concessione
1303 4172 1395 4272 non
1404 4171 1472 4227 ve·

821 4274 826 4285 '
941 4299 944 4308 ·
1355 4269 1474 4340 munt
