1054 1258
246 66 395 97 Suppositio
416 65 573 89 admitendtz
592 66 662 88 inter
682 65 820 93 Hibernos,

464 114 489 135 et
508 112 616 143 Anylos.

247 185 264 204 1.
327 184 407 204 Ibernia
415 184 482 204 Insula
489 184 537 204 olim
546 183 693 208 florentissima,
700 184 717 203 δε
724 183 818 210 Regnum

327 212 373 232 satis
392 212 511 239 opulentum
531 212 591 239 caepit
610 212 634 231 ab
651 211 767 231 hominibus
786 212 820 231 lia-

245 240 303 260 bitari
320 247 374 271 a-nuo
390 244 436 267 post
447 240 541 267 generale
556 239 654 259 diluuium
670 239 819 259 trecentesimo.

246 267 307 287 Primi
317 267 359 288 eius
369 267 491 288 habitatores
503 268 584 288 fuerunt
596 267 719 291 Bartohnus,
735 267 787 287 Serae
797 267 820 287 fi-

245 295 289 320 lius,
299 295 324 315 de
335 295 396 323 stirpe
407 295 478 323 [aphet
487 295 522 322 filij
534 295 586 319 Noe,
594 295 611 315 ἃ.
620 295 653 322 filij
663 295 705 315 eius
715 299 755 315 tres
766 295 783 314 L
785 302 819 315 an-

244 323 324 350 guinus‚
335 323 423 348 Salanus,
433 327 453 343 et
462 323 578 350 Returugus
586 330 630 343 cum
639 330 708 343 eorum
718 323 819 347 vxoribus,

244 355 265 371 et
273 351 340 379 paucis
346 351 389 378 alijs
396 351 461 378 sociis,
470 351 503 378 qui
512 358 565 376 casu,
572 350 603 371 vel
611 350 708 370 industria
716 350 819 371 Hiberniae

243 379 334 399 litoiibus
344 379 470 406 appulerunt.
499 379 527 399 Hi
543 386 583 398 non
600 378 728 399 mediocriter
742 382 783 398 tam
799 379 819 398 iu

244 414 310 427 rerum
321 407 451 431 successibus,
466 414 525 434 quam
536 407 556 426 in
568 406 726 427 successionibus
736 414 819 434 prospe-

244 435 282 455 rari
292 439 400 462 caeperunt.
430 435 484 454 Nam
495 435 519 455 ab
530 442 599 455 eorum
612 434 702 455 aduentu
716 442 779 462 vsque
793 434 819 454 ad

244 464 289 482 300.
300 470 370 487 annos,
380 462 405 482 ad
413 470 487 483 nouem
497 463 535 483 iam
547 462 609 482 millia
615 462 703 482 virorum
710 462 819 483 successio-

244 490 274 510 nis
285 498 326 510 suae
336 490 419 510 traditur
427 498 523 511 numerus
531 490 650 511 excreuisse.
669 490 761 511 Tandem
768 498 819 518 gens

243 518 281 538 ista
291 518 311 538 in
321 518 375 538 bello
389 526 470 545 magno,
485 518 540 546 quod
554 525 600 538 cum
616 518 737 545 Gigantibus
751 518 819 545 gessit,

243 553 337 573 magnam
347 546 435 566 obtinuit
446 546 557 571 victoriam,
567 550 587 567 et
597 550 683 573 stragem
699 546 763 566 edidit
771 546 819 566 hos-

242 574 298 594 tiurn.
324 574 365 594 Sed
375 575 440 594 subita
449 574 570 602 pestilentia,
585 582 610 595 ex
620 574 671 594 aeris
678 574 730 594 sorte
737 581 819 601 corrup-

242 602 298 622 tione
308 602 334 622 de
344 602 513 629 interemptorum
524 602 635 630 Gigantum
643 602 774 623 cadaueribus
783 609 819 622 ex-

242 634 292 655 orta,
299 637 383 651 omnem
393 630 469 651 deleuit
477 631 636 657 generationem,
650 638 697 655 vno,
711 630 744 651 vel
754 630 817 651 altero

241 658 325 678 homine
336 659 411 679 relicto.
436 658 516 679 Prefato
527 666 575 686 ergo
585 658 693 679 Bai-tolano
704 665 750 679 cum
760 658 817 679 ornni

242 686 369 707 successione
376 694 411 707 sua
416 687 494 707 acerbae
501 687 622 714 pestilentiae
627 693 725 707 mucrone
731 686 817 711 sublato,

241 714 357 741 aliquandiu
366 718 419 735 terra
428 714 504 735 nudata
513 715 590 735 cultore
600 715 702 735 remansit.

268 742 374 763 Nemedus
380 746 448 763 tamen
457 742 576 770 Agnominij
584 742 643 767 filius,
653 742 736 763 natione
743 742 817 769 scythi-

241 777 282 794 cus,
292 777 338 790 cum
349 774 434 797 quatuor
443 770 495 797 filijs,
505 771 575 794 Statio.
586 770 680 795 Gerbale,
695 770 786 795 Annino,
796 774 817 790 et

242 797 345 825 Fergusio,
355 798 380 818 ad
390 798 484 819 desolatae
491 804 547 819 terrm
554 798 613 818 litora
620 798 717 819 deuectus
726 801 756 818 est
763 805 817 818 anno

241 826 265 846 ab
275 826 324 846 orbe
332 826 415 846 condito
425 828 484 847 2317.
505 826 571 846 Huius
581 826 678 850 Nemedi,
692 830 713 846 et
721 826 816 851 filiorum,

240 858 345 881 nepotum,
359 855 524 882 abnepotumque
539 855 638 874 successio
651 854 731 882 generis
745 861 817 874 nume-

241 882 322 902 rositate
332 882 352 902 in
363 885 441 902 tantum
452 883 516 903 creuit
525 886 547 902 vt
556 886 620 902 totam
630 882 672 902 fere
682 882 766 902 infulam
778 882 815 902 irn-

241 909 356 936 pleuissent.
377 911 406 930 At
413 910 551 937 frequentibus
559 910 624 935 bellis,
632 917 677 937 quae
684 917 730 930 cum
739 910 816 958 Giggn-

762 942 777 958 ti
793 945 815 958 us
