3456 4734
322 299 480 386 24’

268 462 513 546 inscribitur:
527 458 988 572 NotiticEpiacopcluum
999 461 1098 545 orbis
1107 458 1332 546 Christiani:
1342 462 1454 547 lib.l.

269 604 356 687 cap.
372 577 409 659 7.
424 573 573 686 pagina
583 579 645 658 13.
660 591 704 657 et
719 578 780 658 14.
793 589 835 657 et
845 573 914 658 lib.
928 579 968 657 4.
984 602 1071 687 cap.
1083 573 1294 687 22013111.
1308 579 1401 658 219.
1415 588 1458 659 et

269 693 363 768 220.
379 686 447 768 vbi
466 687 509 768 in
536 683 663 796 longo
694 684 889 795 Catalogo
917 713 989 770 eos
1016 713 1162 771 omnes
1189 684 1388 788 nominat,
1415 702 1458 768 et

269 799 337 880 lib·
358 806 397 880 5.
414 797 563 909 pagina
576 803 671 882 341.
690 795 749 879 ait
766 811 939 908 quatuor
957 794 1048 880 illos
1067 795 1457 909 ,Archiepiscopatus

270 909 478 993 institutos
507 935 597 993 esse
623 906 888 991 Authoritate
924 906 1100 1022 Eugenij
1132 907 1258 1020 Tertij
1299 908 1456 991 Summi

270 1018 479 1104 Pontificis
501 1048 610 1103 anno
637 1018 786 1102 Christi
815 1017 986 1102 Domini
1019 1024 1137 1104 1151.
1165 1048 1239 1132 per
1259 1019 1457 1103 Ioannem

270 1130 516 1244 Papironem
545 1130 747 1243 Legatum
773 1129 1077 1241 Apostolicum,
1104 1144 1150 1214 vt
1179 1132 1314 1214 Caesar
1333 1131 1458 1214 Baro-

269 1244 374 1342 nius,
393 1258 435 1328 et
450 1241 656 1326 Henricus
672 1240 914 1372 Spondanus
933 1241 1080 1327 eodem
1100 1269 1209 1326 anno
1228 1243 1269 1325 in
1286 1243 1367 1324 suis
1387 1272 1457 1324 an-

270 1355 429 1438 nalibus
448 1354 625 1437 tradunt.
667 1353 784 1436 Idem
803 1352 1005 1437 affirmant
1025 1354 1215 1439 Giraldus
1237 1355 1460 1438 Cambren-

270 1468 324 1548 sis
343 1468 386 1547 in
412 1465 657 1577 Appendice
681 1492 815 1549 rerum
843 1463 1159 1548 Hibernicarum
1176 1495 1263 1577 cap.
1284 1472 1349 1550 20.
1371 1463 1457 1546 Ro-

110 1666 114 1673 ,
266 1578 403 1689 getius
431 1578 474 1660 in
497 1576 723 1674 annalibus,
748 1593 791 1659 et
815 1577 892 1659 ali'.
934 1577 1149 1661 Gulelmus
1178 1593 1314 1659 tamen
1338 1577 1456 1660 Cam-

268 1689 399 1773 denus
418 1689 460 1771 in
481 1719 553 1773 sua
571 1687 775 1772 Britanica
793 1609 1055 1801 exl'hilippo
1076 1687 1355 1772 Flateburensi
1376 1703 1456 1769 tra-

268 1801 329 1885 dit
347 1800 439 1884 illos
457 1800 666 1884 institutos
685 1828 776 1884 esse
800 1799 1065 1908 Authoritate
1090 1800 1329 1912 Apostolica
1347 1827 1456 1881 anno

270 1917 389 1997 1152.
403 1941 479 2024 per
494 1911 768 1995 Christianum
790 1911 1041 2023 Episcopum
1057 1911 1363 1996 Lismorensem
1380 1909 1458 1992 Hi·

267 2024 422 2110 herniae
441 2023 659 2136 Legatum.
709 2022 816 2107 Vide
835 2023 959 2107 etiam
990 2024 1252 2108 Sulleuanum
1281 2027 1454 2105 1011102.

247 2135 449 2218 'historiae
464 2134 686 2219 Catholicae
701 2133 914 2218 Hiberniae
927 2134 998 2217 lib.
1018 2142 1053 2215 l.
1068 2139 1249 2247 cap.7.et
1262 2133 1457 2246 Augusti·

267 2275 368 2330 num
383 2248 603 2334 Barbosam
614 2248 657 2330 in
670 2248 774 2331 libro
786 2245 839 2330 de
859 2249 1006 2356 Officio,
1016 2259 1053 2329 ct
1057 2259 1246 2356 potestate
1258 2249 1456 2356 Episcopi,

235 2367 237 2376 ’
265 2373 382 2469 parte
404 2364 439 2441 1.
459 2359 593 2444 titulo.
617 2365 635 2440 l
659 2389 746 2471 cap.
762 2361 800 2443 7.
820 2360 889 2443 vbi
906 2358 1027 2470 ponit
1040 2358 1269 2470 catalogum
1289 2357 1457 2470 Episco-

265 2483 447 2586 patuum¹
467 2469 694 2575 Hibemiae‚
723 2485 767 2555 et
793 2469 966 2554 aliorum
987 2469 1227 2582 Regnorum
1247 2468 1372 2552 totius
1392 2498 1457 2552 or-

265 2582 328 2664 bis
350 2582 578 2668 Christiani.

322 2701 377 2778 28
405 2695 546 2807 Pergit
571 2693 739 2781 vlterius
763 2694 857 2780 Rex
873 2693 1080 2801 Henricus
1095 2694 1135 2776 in
1152 2722 1223 2776 sua
1271 2693 1452 2777 etitione.

266 2807 571 2892 Adtubdendum
583 2808 883 2918 populumillum
896 2808 1053 2917 legibus.
1075 2803 1208 2916 Rogo.
1231 2723 1334 2899 guae
1345 2806 1456 2917 leges

128 2973 129 2976 κ
266 2935 362 3000 sunt
380 2919 483 3022 istae,
500 2920 647 3031 quibus
663 2918 868 3004 Henricus
917 2916 1088 3031 opulum
1099 2931 1284 3000 nostrum
1306 2916 1457 3000 Hiber-

265 3030 405 3113 nicum
419 3032 583 3118 volebat
598 3031 801 3116 subdere?
839 3032 879 3116 si
937 3027 1207 3114 eclesiasticae.
1256 3026 1456 3112 Obserua-

265 3141 390 3227 tiores
409 3172 572 3275 semper
590 3143 633 3227 in
651 3143 716 3227 his
733 3143 899 3229 suerunt
914 3139 1104 3244 Hiberni,
1122 3169 1244 3251 quam
1259 3139 1399 3252 Angli,
1414 3154 1457 3222 et

267 3251 475 3339 Henricus
503 3255 595 3359 illac
626 3283 723 3339 narn
759 3254 961 3341 Hibernia
985 3280 1081 3338 curn
1112 3252 1193 3337 suis
1230 3277 1454 3364 numquam

267 3364 417 3453 defecit
436 3371 460 3451 a
476 3367 560 3453 fide
587 3367 797 3452 Catholica
816 3367 944 3451 semel
962 3380 1162 3477 suscepta,
1191 3363 1343 3473 Anglia
1361 3390 1455 3445 cum
1489 3390 1491 3394 ·

266 3477 348 3560 suis
381 3507 486 3592 saepe
508 3493 552 3564 vt
575 3480 619 3564 in
648 3478 936 3564 exhortatione
953 3505 1048 3562 mea
1069 3477 1172 3560 infra
1201 3475 1455 3558 demonstra-

263 3588 387 3678 bitur.
438 3592 477 3674 Si
506 3608 622 3675 erant
649 3590 730 3673 illae
748 3589 874 3702 leges,
901 3619 1001 3702 quas
1020 3587 1226 3674 Henricus
1241 3587 1283 3668 in
1304 3584 1457 3697 Anglia
1536 3602 1541 3608 “

265 3701 463 3804 condidit,
499 3718 542 3788 et
573 3703 705 3786 voluit
735 3700 996 3787 introducere
1032 3719 1174 3785 contra
1211 3698 1456 3797 libertatem,
1579 3772 1584 3779 .

265 3830 308 3894 et
329 3813 571 3925 dignitatern
592 3811 784 3898 Ecclesiae·
810 3813 1054 3898 Catholicae?
1083 3812 1218 3897 Nobis
1246 3809 1455 3893 abomina-

264 3923 380 4027 biles,
399 3942 442 4008 et
460 3926 712 4011 damnabiles
726 3939 855 4027 erant,
866 3925 972 4009 sicut
989 3925 1154 4009 fuerunt
1175 3923 1325 4008 Sancto
1344 3919 1456 4002 Tho-
1484 4026 1487 4034 ¹

212 4045 214 4051 '
264 4062 345 4120 mac
381 4036 653 4140 Cantuarensi-
671 4036 1008 4149 Archiepiscopo,
1035 4036 1106 4148 qui
1126 4062 1211 4122 eas
1242 4049 1453 4160 tamquam

255 4198 256 4201 κ
1336 4171 1455 4227 sacn-
