1054 1258
779 71 804 90 17

239 112 275 133 est,
285 108 360 136 diuque
370 108 455 130 durauit-

267 137 292 157 17
308 137 362 157 Ecce
376 144 424 158 vera
438 137 527 161 historia,
541 143 567 157 ex
582 143 621 164 qua
630 136 729 157 habemus
738 137 830 162 modum,

238 171 278 191 quo
290 164 352 192 Angli
362 165 429 192 primo
438 165 459 185 in
468 164 588 185 Hiberniam
598 164 681 192 ingressi
692 168 745 190 sunt,
754 169 775 186 et
784 172 829 193 par-

237 196 279 212 tem
296 193 349 213 illius
364 196 495 221 occuparunt,
510 197 618 220 totumque
634 192 730 224 Regnum
747 200 828 221 semper

237 224 339 247 optarunt.
367 220 388 240 Ν
390 228 429 241 unc
445 221 471 241 de
487 220 563 241 iustitia
579 227 643 241 causae
656 220 767 248 disputans,
781 221 828 241 dico

237 248 324 269 breuiter
332 248 410 276 Anglos
418 248 496 269 nullum
504 248 581 273 ius‚aut
588 248 684 269 iustitiam
692 249 713 269 in
722 248 827 269 Hiberniae

236 276 347 301 inuasione,
357 281 377 297 et
387 276 521 303 occupatione
530 276 630 297 habuisse.
659 276 733 301 Primo,
740 277 787 304 quia
797 277 827 297 in-

236 303 315 329 iustam,
325 308 432 332 tux-pemq3
444 311 525 325 causam
533 304 618 325 adulteri
629 303 671 332 (qui
679 304 756 325 alienos
766 308 827 329 toros,

236 331 323 357 violanst,
336 332 418 353 alterius
430 339 514 353 vxorem
530 332 630 359 Reginam
641 332 713 360 rapuit,
719 336 739 352 et
747 337 827 359 rogatus

234 360 340 380 restituere
354 360 426 385 noluit,
442 360 521 388 aliaque
536 360 620 380 crimina
634 360 656 380 in
670 360 826 387 Rempublicam

235 388 344 416 commisit)
355 388 503 409 defendendam
515 392 651 415 susceperunt.
677 388 769 409 Secundo
779 388 826 415 quia

234 422 275 435 non
284 416 331 436 satis
338 416 441 437 duxerunt
447 416 554 444 expulsum
562 416 582 436 in
590 416 671 436 amissas
679 416 743 440 sedes,
751 420 772 436 et
779 423 826 443 pos-

234 444 333 464 sessiones
338 444 620 472 1*eponere,etpraemium‚seu
624 443 747 471 stipendium
753 444 825 471 abipso

234 472 439 499 acceptumretinere,
444 479 515 493 verum
520 472 581 492 etiam
587 471 662 492 alienas
668 472 758 492 fortunas
763 471 826 491 inius-

233 499 310 520 tissime
324 499 419 520 inuadere
435 507 476 520 nou
493 499 617 524 dubitarunt,
633 507 672 520 nec
691 500 750 520 rebus
765 500 825 519 sacris

233 531 379 554 pepercerunt:
396 527 449 548 vnde
464 527 536 548 falsum
552 527 637 548 omnino
652 532 683 548 est
698 530 825 554 assumptum

232 555 304 582 primae
314 556 435 576 obiectionis
448 555 591 576 contendentis
601 555 716 576 Henricum
726 555 783 575 illum
794 563 825 576 se-

233 583 322 603 cundum
337 583 418 611 Angliae
434 583 513 611 Regem
526 584 579 604 iusto
593 583 647 604 bello
662 590 771 610 occupasse
786 582 825 603 Hi-

233 611 322 632 herniam
327 620 331 632 :
338 611 464 633 ostendimus
469 611 524 632 enim
529 611 578 632 illud
583 611 825 638 bellumfuisseiniquum,

232 639 371 667 fundatunque
377 640 397 660 in
406 647 465 661 causa
471 640 531 668 turpi,
537 644 558 660 et
565 640 650 660 omnino
658 639 736 660 iniusta.
753 639 823 659 Tertio

232 667 278 694 quia
286 675 364 692 omnes,
373 667 408 695 qui
418 668 515 688 damnum
525 668 599 689 iniuste
609 668 652 695 alijs
661 667 750 688 inserunt
756 666 824 694 aliquo

232 702 257 715 ex
265 702 339 716 nouem
349 695 415 716 modis
425 696 527 716 contentis
534 696 555 716 in
565 696 645 716 duobus
654 695 770 723 vulgaribus
780 702 824 715 ver-

232 723 285 743 sibus
297 730 346 743 mux
356 724 447 749 citandis,
460 728 552 751 peccant,
561 727 583 744 et
594 723 619 744 ad
633 723 783 744 restitutionem
793 727 823 743 te-

231 755 311 776 nentur,
318 757 340 772 vt
350 751 450 772 Doctores
460 751 596 772 communiter
605 751 704 772 fatentur:
715 750 751 771 sed
760 750 823 778 Angli

230 778 345 800 adiuuando
359 779 466 807 expulsum
481 779 619 807 Dermysium‚
633 779 752 807 grauissima
766 779 823 799 dam-

230 814 256 826 na
269 807 380 828 intulerunt
397 807 492 828 Hibernis
507 811 549 828 tam
563 808 585 828 in
597 807 663 832 sacris,
673 814 734 835 quam
744 806 764 826 in
775 813 822 834 pro-

229 834 301 862 phanis
311 836 381 856 rebus:
396 842 444 863 ergo
452 839 568 863 peccarunt,
578 839 599 856 et
608 835 731 856 restitutioni
740 834 822 855 fuerunt

229 863 318 890 obnoxij.
348 863 407 884 Modi
417 867 485 884 autem
496 867 543 884 sunt
552 863 591 884 isti.

256 891 323 915 Iussio,
335 891 443 916 Consilium,
452 899 555 917 consensus,
565 891 636 918 Paspo,
645 897 730 911 recursus
736 900 743 914 ,-

283 919 411 946 Participuns,
420 922 488 944 mutus,
496 927 535 940 non
544 920 623 944 obstans,
632 926 670 939 non
678 919 807 946 manifestans.

229 946 260 966 Ita
266 946 366 968 Doctores
374 947 394 967 in
402 947 487 968 materia
493 947 519 968 de
527 947 608 972 iustitia,
616 952 637 968 et
644 946 778 971 restitutione,
786 946 820 966 vbi

228 978 314 1001 ponunt,
320 978 341 995 et
348 978 454 1003 exponunt
460 975 509 995 istos
516 982 592 1000 versus,
598 979 620 996 et
627 981 704 995 nouem
708 974 782 994 modos
789 973 819 994 in-

228 1002 325 1024 ducentes
333 1003 478 1030 obligationem
486 1003 625 1024 restitutionis.
649 1002 720 1023 videri
729 1005 820 1050 ffslsuntt

504 1038 515 1051 C
753 1037 764 1050 0
772 1037 797 1050 m.
814 1044 819 1049 .
