1054 1258
774 66 798 86 71

234 106 270 126 bus
285 105 369 125 casibus.
386 104 494 132 Aliquibus
510 104 571 125 etiam
587 103 677 132 Regibus
691 104 738 125 data
750 108 781 125 est
790 112 827 132 po-

232 137 294 153 testas
306 140 347 153 non
360 132 425 152 solum
443 132 510 160 quoad
526 139 571 153 suas
589 139 693 160 personas,
711 132 746 153 sed
765 132 826 153 etiam

232 160 300 188 quoad
309 160 368 185 filios,
376 160 409 181 vel
416 160 514 185 haeredes,
526 160 553 180 ita
561 163 583 180 ut
592 160 670 187 possint
679 160 732 181 hanc
741 160 827 188 dignita-

232 193 274 210 tem
288 188 313 208 ad
326 188 385 213 filios,
400 192 421 209 et
436 192 521 216 nepotes
533 188 675 213 transmittere,
689 192 711 209 vt
726 188 827 216 contingit

233 217 324 244 Regibus
332 216 441 244 Hispaniae,
451 221 472 238 et
484 215 578 241 Franciae,
591 216 626 236 &c⁴
650 216 701 243 Alijs
710 224 758 237 vero
768 216 827 236 datur

232 252 270 272 pro
280 244 320 264 suis
329 244 421 272 personis
430 248 517 269 tantum,
528 247 549 264 et
560 251 602 264 non
611 251 648 271 pro
658 244 709 272 filijs,
719 244 747 265 ita
754 248 777 264 ut
786 251 827 265 vno

234 273 291 300 Rege
302 276 389 296 mortuo,
398 271 449 292 alter
457 272 521 300 possit
536 271 589 298 eligi,
603 272 637 300 qui
652 279 693 293 non
707 272 732 292 sit
741 272 794 292 filius
803 272 827 292 il·-

232 301 270 320 lius
281 300 343 327 Regis
353 299 454 321 defuncti:
465 299 493 320 sic
502 299 526 320 fit
535 299 556 320 in
565 299 654 328 Imperio
661 300 763 324 Romano,
774 304 795 321 et
805 300 826 321 in

234 328 307 355 Regno
317 327 413 352 Poloniae‚
420 328 456 348 &c.
467 335 515 355 ergo
525 327 605 355 signum
615 332 646 348 est
655 328 708 348 hanc
717 328 827 348 institutio—

234 363 281 376 nem
300 363 343 376 esse
357 356 467 376 humanam
483 355 629 381 immediatam,
643 363 688 383 quae
700 359 768 383 potest
778 356 828 376 reci—

233 391 282 411 pere
297 388 361 404 totam
378 383 433 406 illam
447 383 571 404 varietatem.
603 384 654 404 Cum
669 391 718 411 ergo
733 383 827 411 dignitas,

233 411 265 432 vel
274 415 363 439 potestas
374 411 439 439 Regia
447 412 554 439 proueniat
560 412 585 432 ab
595 411 734 437 hominibus,i
750 412 765 432 si
775 419 827 432 nun-

233 447 293 467 quam
304 439 432 464 transferunt,
441 447 480 460 nec
493 439 601 460 transferre
615 443 701 467 possunt
716 443 736 460 ta
744 447 777 460 em
790 447 827 467 po-

233 471 327 488 testatem
340 467 361 487 in
377 467 451 495 Reges,
465 471 487 488 vt
501 474 542 488 non
557 471 639 490 maneat
650 468 671 488 in
681 467 729 495 ipsis
738 468 827 488 homini-

233 496 269 515 bus
281 495 336 523 quasi
352 495 373 515 in
387 495 464 520 habitu,
477 499 500 515 vt
514 495 535 515 in
549 495 648 523 aliquibus
662 496 739 516 casibus
748 496 828 523 possint

232 530 277 543 eam
287 530 389 549 reuocare,
398 527 419 544 et
428 530 528 544 exercere.
557 523 585 543 Vt
595 523 611 543 si
619 523 665 544 Rex
674 531 730 544 suam
738 527 827 551 potesta-

232 556 275 571 tem
289 555 377 572 verteret
391 551 412 571 in
427 551 562 578 tyrannidem,
576 551 678 572 abutendo
688 551 722 572 illa
731 551 752 572 in
762 552 826 572 mani-

232 579 303 599 festam
319 579 446 606 Reipublicae
459 579 581 607 perniciem:
596 582 645 600 tunc
657 579 712 600 enim
724 579 826 607 Regnum,

232 607 264 627 vel
278 607 401 635 Respublica
415 607 444 627 vti
461 607 536 635 poterit
551 607 589 627 hae
603 614 638 627 sua
649 610 749 635 potestate
764 607 790 627 ad
805 615 826 628 se

232 635 392 661 defendendum,
406 642 517 663 numquam
533 635 588 656 enim
603 643 624 656 se
638 635 727 656 totaliter
738 636 826 663 priuauit

232 663 270 683 hac
284 667 391 691 potestate,
404 667 435 684 est
449 663 504 684 enim
518 663 545 683 de
559 663 602 684 iure
612 663 696 684 naturali
705 667 795 691 potestas
804 664 825 684 in

233 691 346 719 Republica
360 691 385 711 ad
400 699 421 712 se
435 691 585 712 defendendam
599 695 669 711 contra
683 698 755 712 omues
764 692 825 712 inius-

232 723 264 739 tos
274 719 383 743 inuasores,
392 724 413 740 et
423 719 448 739 ad
462 719 524 739 alium
538 719 658 747 principem,
667 719 699 739 vel
709 719 794 739 modum
804 727 825 740 se

232 747 364 774 gubernandi,
374 751 395 768 et
404 746 537 768 conseruandi
549 747 672 774 eligendum.
701 747 760 768 Esset
770 747 825 769 enim

232 779 302 795 contra
311 775 381 795 lumen
391 775 482 796 naturale
491 782 579 795 asserere
586 782 629 795 non
638 782 698 802 posse
705 774 826 803 Rempubli-

232 810 277 823 cam
291 806 370 823 mutare
384 803 503 831 principem,
518 810 579 831 quem
589 802 614 823 ad
624 810 680 823 suam
690 803 826 823 conseruatio-

234 838 280 851 nem
291 830 359 858 elegit,
368 831 449 858 quando
460 831 503 858 ipse
517 838 559 851 non
573 834 686 855 conseruat,
696 831 731 851 sed
741 830 826 851 destruit

232 859 296 886 ipsam
305 858 461 886 Rempublicam
467 866 504 886 per
511 858 630 886 tyranidem,
637 858 670 879 vel
679 858 779 883 haeresim,
789 859 824 879 &c.

232 893 273 913 quo
281 887 323 907 iure
331 887 360 907 vsi
368 891 415 907 sunt
422 886 480 907 multi
488 886 565 914 populi,
575 886 708 914 Respublieae,
717 890 738 906 et
748 886 826 913 Regna,

232 918 255 934 vt
264 921 314 934 mox
323 915 459 935 ostendemus.
489 914 542 935 Vide
557 915 629 935 Suarez
643 914 664 934 in
674 913 793 934 defensione
802 914 826 934 fi-

233 942 267 962 dei
278 942 388 963 Catholicae
398 942 493 963 aduersus
503 946 564 963 sectae
574 942 608 962 An
622 942 694 963 licanae
704 949 781 962 errores
790 942 823 962 lib.

233 972 251 990 3-
258 977 301 998 cap·
308 971 327 990 2.
334 974 355 991 et
364 973 383 991 3.
389 971 422 991 vbi
432 970 484 991 hanc
493 970 606 991 doctrinam
623 970 655 990 ate
664 970 798 997 prosequitur,
804 974 825 990 et

234 997 343 1025 respondet
355 999 379 1019 ab
396 998 522 1019 obiectiones
537 998 605 1018 Iacobi
625 998 687 1025 Regis
702 997 790 1045 Angii'ae’
804 1002 825 1018 et

740 1032 751 1045 a
759 1032 824 1045 iorum
