3456 4734
389 325 445 411 82

334 478 472 570 sensus
506 474 736 566 Monachos
772 477 796 558 a
832 472 1103 585 spiritualibus
1139 474 1340 586 exercitijs
1371 475 1522 561 abduc·

334 605 400 681 tos
427 588 666 678 militaribus
693 586 849 673 addixit
876 585 1120 699 ministerijs.
1178 587 1260 681 Qui
1284 589 1377 688 etsi,
1403 617 1526 690 seras,

335 731 420 787 uon
448 718 586 792 tamen
616 699 728 787 leues
758 697 931 783 Numini
959 697 1074 784 dedit
1090 727 1240 811 paenas
1296 697 1406 782 Nam
1427 728 1522 783 cum

334 813 512 903 barbaris
530 811 617 899 acie
633 825 846 922 pugna-ret,
872 808 1020 894 amisso
1048 809 1244 910 exercitu
1274 809 1418 922 sagitta
1437 841 1526 895 sau-

335 927 436 1026 cius,
467 952 562 1011 cum
589 923 820 1034 aufugisset,
857 950 1028 1032 seseque
1054 923 1097 1011 in
1134 922 1290 1005 humile
1308 925 1525 1032 ‘tugurium

335 1035 567 1148 recepisset,
585 1035 641 1127 ibi
660 1037 684 1120 it
703 1033 877 1121 barbaris
892 1032 1181 1144 deprehensus
1195 1033 1313 1117 vinus
1331 1035 1525 1117 exuritur.

338 1147 503 1258 Insigne
517 1146 809 1235 documentum
824 1144 1017 1230 memoris
1031 1145 1183 1228 diuinae
1202 1146 1272 1228 irae
1291 1145 1332 1227 in
1352 1145 1525 1257 impium

169 1306 172 1313 ·
217 1342 220 1359 ,
336 1257 581 1370 Principem,
602 1275 824 1370 postquam
857 1256 990 1341 tenuit
1024 1255 1248 1369 Imperium
1282 1257 1528 1367 quatuorde-

337 1399 417 1457 crm
437 1399 576 1458 annos.
1107 1408 1112 1417 ·

392 1481 629 1570 Anastasius
666 1480 839 1566 Dicorus
882 1479 1109 1592 Imperator
1144 1479 1359 1567 haereticus
1401 1481 1529 1594 Euty-

336 1594 504 1682 chianus
531 1593 662 1681 mulus
689 1592 796 1680 male
814 1592 946 1704 perijt,
992 1589 1129 1676 Fama
1147 1608 1210 1679 est
1237 1606 1332 1676 ante
1350 1610 1527 1678 mortem
1627 1648 1639 1663 -

336 1703 539 1788 horribilis
564 1705 639 1787 viri
659 1705 836 1816 specie'm
857 1705 894 1786 ei
914 1704 1157 1815 apparuisse,
1175 1719 1218 1788 et
1234 1704 1381 1787 librum
1402 1731 1528 1790 manu

335 1816 527 1917 tenentis,
545 1831 588 1906 et
607 1815 727 1902 simul
745 1816 991 1928 increpantis
1006 1815 1051 1897 ¹in
1066 1815 1177 1898 hunc
1190 1815 1373 1899 modum.
1401 1820 1469 1899 En
1481 1822 1528 1900 ob

335 1940 440 2015 tuam
453 1929 729 2036 Improbitutem
741 1929 1024 2038 quatuordecim
1041 1931 1130 2010 uitae
1142 1931 1390 2012 mmordeleo.
1422 1927 1528 2012 Mox
1673 1995 1677 2006 ,

335 2037 507 2121 fulmine
525 2037 628 2121 ictus
647 2038 811 2168 interijt,
831 2055 876 2121 vt
889 2053 1081 2149 appareat
1098 2040 1379 2151 improborum
1401 2041 1525 2124 vitam

335 2147 415 2239 Dei
436 2165 540 2232 nutu
559 2178 669 2262 saepe
687 2149 775 2234 fierr
793 2150 1046 2242 breuiorem:
1078 2150 1260 2235 Caelestis
1279 2151 1350 2233 irae
1370 2180 1527 2236 memo-

334 2261 508 2351 randum
527 2261 775 2374 exemplum.
813 2318 819 2333 ι
1175 2313 1177 2319 ·

339 2371 548 2462 *Phocus
584 2387 778 2484 tyrannus
815 2372 948 2474 verius
985 2402 1108 2484 quam
1147 2372 1375 2485 Imperator
1419 2376 1527 2460 male

331 2499 494 2596 partum
517 2485 695 2598 pessime
717 2485 843 2596 gessit
864 2483 1101 2596 Imperium,
1122 2484 1250 2568 homo
1273 2486 1525 2590 crudelitate,

336 2597 608 2699 ebrietate,·et
625 2596 795 2681 libidine
812 2595 985 2681 infamis.
1024 2594 1279 2681 >Mauritium
1301 2596 1526 2710 Imperato-

215 2784 217 2788 ,
335 2735 423 2793 rem
442 2707 884 2809 iniustissime-occidit,
908 2709 1095 2819 coniuge,
1113 2723 1155 2791 et
1171 2705 1309 2791 liberis
1326 2711 1438 2822 prius
1456 2740 1528 2793 an·

337 2833 381 2904 te
398 2820 539 2907 oculos
559 2820 645 2910 eius
663 2818 881 2904 trucidatis.
920 2817 1095 2905 *Deinde
1123 2818 1279 2902 Phocas
1307 2822 1432 2933 pestis
1450 2822 1526 2904 hu-

336 2931 449 3017 maui
476 2932 650 3043 generis,
670 2945 766 3043 post
791 2930 940 3015 multas
967 2930 1131 3043 Imperij
1159 2933 1389 3041 prouincias
1407 2935 1528 3016 amis-

336 3041 636 3131 sasimmemor
653 3041 847 3144 hostiurn,
873 3041 1009 3128 fauore
1030 3071 1213 3155 praeceps
1242 3045 1352 3129 ciues
1370 3044 1528 3128 hostili-

335 3165 399 3242 ter
416 3156 599 3243 vexabat.
656 3152 870 3242 Heraclius
897 3169 1037 3238 tamen
1059 3155 1179 3237 -Asiae
1203 3155 1414 3267 praefectus
1432 3184 1527 3269 pro-

293 3346 294 3353 ,
336 3292 475 3353 cerum
493 3279 651 3378 rogatu,
667 3278 841 3376 tyranno
859 3281 1001 3351 mouet
1020 3266 1187 3366 bellum,
1205 3280 1248 3349 et
1265 3268 1353 3351 acie
1370 3269 1525 3352 victum

336 3376 458 3488 capit,
475 3377 562 3463 eius
581 3376 732 3464 collum
746 3377 930 3573 (pedibus
945 3378 1087 3481 ‚calcat
1105 3407 1153 3461 ac
1171 3378 1339 3464 tandem
1358 3382 1527 3495 obtrun-

335 3503 400 3569 cat
418 3502 566 3576 0ctauo
585 3489 744 3598 tyranni
777 3490 809 3571 's
827 3518 946 3579 anno.
1277 3558 1279 3563 .

389 3595 601 3712 Philippus
634 3600 837 3688 Bardanes
866 3600 1093 3714 Imperator
1125 3615 1281 3685 sextam
1313 3601 1526 3712 Synodum

255 3712 256 3716 '
334 3709 620 3813 orthodoxam,
636 3783 637 3787 s
651 3729 850 3822 quantum
877 3714 919 3796 in
938 3714 1029 3825 ipso
1048 3712 1136 3814 fuit,
1165 3712 1387 3825 abrogauit.
1444 3715 1527 3799 Sed

335 3847 419 3901 non
448 3822 629 3934 impune,
649 3818 752 3905 ¹nam
784 3824 904 3908 tertio
934 3824 1098 3936 Imperij
1123 3852 1232 3906 anno
1253 3851 1477 3937 *oppressus
1503 3831 1527 3908 a

335 3929 428 4031 suis,
447 3947 489 4016 et
507 3934 634 4016 oculis
654 3952 793 4047 captus
812 3935 1041 4020 inexilium
1062 3935 1246 4019 mittitur.
1632 3933 1634 3939 ’

339 4108 342 4115 -
388 4041 647 4157 Nicephorus
676 4045 910 4158 Logotheta
931 4046 1163 4159 ¹Imperator
1183 4046 1383 4178 Graecus,
1397 4050 1526 4133 homo

989 4193 1014 4242 ’.ς
1371 4188 1524 4273 rmpro·
