1054 1258
763 68 801 89 127

234 115 274 128 vno
289 107 360 135 praelio
376 107 462 135 amplius
479 113 540 135 quam
556 110 640 128 centum
656 106 719 127 millis
735 106 825 128 hostium

234 139 416 163 prosternerentur,
426 139 447 156 et
457 134 503 156 Rex
510 135 554 163 ipse
564 135 628 155 hostis
635 142 682 155 cum
689 135 735 162 filijs
745 142 826 163 capere-

234 168 273 188 tur,
282 167 303 184 et
312 163 444 188 occideretur,
457 169 485 184 ex
495 163 593 183 Romanis
603 170 629 183 ne
639 170 679 183 vno
689 163 772 190 quidem
782 163 826 184 vul-

234 196 311 216 nerato,
324 199 351 212 ne
367 191 433 211 dicam
446 191 544 212 extincto.
567 190 600 211 De
616 190 733 212 Theodosio
744 191 825 212 Iuniore

234 219 303 240 scribit
314 219 405 240 Socrates
414 219 448 239 lib.
456 220 474 240 5.
485 217 531 239 hist.
538 226 581 246 cap.
591 220 621 244 18,
631 219 686 246 quod
696 219 739 239 eius
749 219 825 240 exerci-

235 252 257 268 tu
272 251 376 275 pugnante
390 251 461 267 contra
475 246 550 271 Persas,
562 253 609 267 cum
625 247 718 268 Saraceni
731 247 825 268 venirent

235 276 256 296 in
269 275 365 295 auxilium
378 274 490 300 Persarum,
505 274 579 302 Angeli
593 275 700 295 turbarunt
710 275 825 299 Saracenos,

234 308 256 324 et
270 310 340 324 eorum
359 303 438 324 circiter
452 307 535 324 centum
548 302 612 323 millia
627 303 648 323 in
664 302 768 331 Euphrate
780 303 826 323 sub-

235 335 354 352 merserunt.
374 331 495 351 lastinianus
505 330 578 358 insigni
591 330 698 356 felicitatis,
712 335 733 351 et
747 331 826 359 sapien-

234 360 268 380 tiae
284 359 338 379 suma
355 359 466 386 Imperatot
484 359 528 384 fuit,
547 359 694 386 imperauitque
710 359 825 380 felicissime

234 387 323 415 quandiu
334 387 449 407 Catholicus
461 387 535 407 extitit.
556 386 611 407 Nam
627 386 712 412 Italiam,
728 387 825 412 Africam,

234 420 254 436 at
264 415 311 435 alias
326 415 399 435 multas
410 415 503 442 regiones
517 415 612 435 Romano
625 414 714 442 Imperio
731 415 824 440 restituit,

234 447 257 463 vt
265 447 322 470 patet
331 450 356 463 ex
365 442 452 470 Euagrio
459 442 493 463 lib.
499 444 517 463 4.
522 442 567 463 hist.
574 449 616 470 cap.
624 444 654 463 16.
659 446 681 463 et
687 442 824 470 sequentibus.

235 471 264 491 At
274 470 355 498 quando
365 470 471 491 haereticus
481 471 619 498 Eutychianus
626 470 690 491 factus
698 474 734 496 est,
742 474 763 491 et
770 470 824 491 edic-

234 503 278 519 tum
289 506 403 526 proponere
411 498 474 519 voluit
483 498 510 519 de
519 506 555 519 sua
564 498 636 519 haeresi
646 498 768 526 recipienda,
775 505 825 519 mox

235 527 341 554 repentina
356 530 422 547 morte
434 526 525 547 sublatus
536 530 573 552 est,
586 530 607 547 et
618 526 743 547 catholicam
754 526 825 547 Eccle-

237 555 286 574 siam
306 561 380 582 magno
397 558 454 575 metu
472 554 570 575 liberauit.
600 552 707 575 Heraclius
726 554 824 579 similiter,

234 582 283 602 dum
299 582 414 603 Catholicus
429 586 488 608 esset,
501 583 522 603 in
537 583 580 603 acie
591 582 645 607 vicit,
655 586 676 603 et
685 582 761 603 occidit
770 582 824 602 Pho-¹

234 618 267 631 cas
283 610 364 639 Imperij
380 610 468 631 Romani
480 610 641 632 crudelissImurn
655 614 775 638 tyrannum3
790 610 825 631 de—

234 639 282 660 inde
305 637 477 666 praeclarissimam
501 639 606 662 victoriam
627 638 654 660 de
673 638 738 660 Persis
756 645 825 666 repor-

235 667 291 692 taust,
301 671 322 688 et
332 673 412 687 crucem
422 666 507 687 Domini
519 667 602 695 reoepit,
615 667 697 695 quando
706 674 738 688 res
749 666 825 687 Roma-

235 702 268 715 nae
279 695 391 722 desperatae
403 693 527 715 videbantur.
560 696 588 715 At
614 698 707 722 ostqunrn
716 694 783 715 :factus
795 698 826 715 est

235 723 341 743 haereticus
360 722 503 748 Monothelita,
519 723 588 744 omnia
602 723 709 743 infeliciter
725 724 826 743 successe-

235 755 289 776 runt,
298 755 319 771 et
331 751 375 778 ipse
387 757 449 775 nou0,
456 754 521 778 'atque
533 750 624 771 inaudito
638 751 712 771 morbo'
723 750 825 771 extinctus

235 783 272 799 est.
302 779 387 799 Constat
405 778 466 799 etiam
478 779 517 799 ‘Im
533 783 621 800 emtores
642 779 737 803 Orientis,
750 779 780 799 ‘ab
800 784 825 799 eo

235 811 334 834 tempore,
350 813 390 834 quo
405 810 488 834 propter
503 805 615 831 dissidium,
627 813 663 827 seu
678 806 765 827 schisma
774 806 826 827 circa

236 842 300 855 sacras
314 834 418 862 imagines,
431 841 453 855 se
467 835 492 855 ab
507 834 598 855 Ecclesia
614 834 708 855 Romana
721 841 827 862 separaue-

236 866 289 887 runt,
299 869 379 890 semper
388 862 458 889 magis,
470 866 492 883 et
504 863 568 890 magis
577 862 697 887 decreuisse,
707 862 773 883 donec
782 866 827 882 tan-

235 890 283 911 dem
294 889 405 917 Imperium
415 890 531 911 amiserunt.
553 890 577 911 In
588 891 694 911 occidente
704 897 752 911 vero
762 890 827 918 liquet

236 925 262 939 ex
271 918 359 945 historijs
369 924 449 946 semper
459 918 599 946 Imperatores,
612 922 633 939 et
643 918 711 946 Reges
720 918 784 944 magis
795 918 827 938 vel

237 946 303 966 minus
321 946 419 971 floruisse,
437 951 498 974 prout
515 946 586 974 magis,
609 946 642 967 vel
661 947 728 967 minus
748 946 827 966 Sanctae

237 973 337 994 Romanae
347 973 444 995 Ecclesiae
456 982 477 995 se
488 974 547 1000 filios,
560 978 581 995 et
593 978 718 1003 protectores
732 974 827 994 ostende—

237 1006 290 1022 runt.

513 1030 532 1051 R
736 1029 827 1050 Tandem
