1054 1258
776 64 803 83 45

237 102 357 123 Smirnensis
368 101 488 130 Episcopus,
497 105 518 122 et
529 101 607 129 Martyr
618 101 705 129 inclytus
713 101 785 122 Romae
793 102 828 122 ali-

235 130 316 158 quando
328 130 412 150 obuium
425 130 502 150 habens
517 129 643 150 Marcionem
660 130 827 156 Haeresiarcham,

236 157 391 185 noluiteiloqui.
399 157 718 182 AccesittamenMarciodicens,
722 158 827 185 cognoscis

235 187 280 206 nos?
285 185 389 213 respondit
394 185 520 213 Polycarpus.
529 186 828 217 CognoscoprimogenitumDia-

234 214 277 234 boli.
281 213 314 234 Ad
319 213 516 234 imitationemhuius
520 213 692 241 sanctipossumus
696 221 732 234 nos
736 213 827 234 similiter

234 248 306 262 omnes
315 241 421 261 haereticos
431 244 530 268 reputare,
544 245 565 262 et
573 248 644 262 vocare
654 241 706 262 filios
715 241 802 261 Diaboli.

262 269 394 301 Praeceptum,
408 272 429 289 et
437 268 472 289 lex
485 268 580 289 naturalis
595 269 656 289 etiam
670 269 739 294 dictat,
753 273 775 289 vt
789 276 827 289 nos

234 297 326 324 patriam,
344 300 365 317 et
381 296 485 329 prpximoa
503 300 583 317 nostros
600 296 715 317 Catholicos
731 297 828 317 defenda,

234 332 279 345 mus
296 325 320 345 ab
337 324 437 345 haereticis
453 324 527 345 iniuste
544 324 686 345 inuadentibus
704 325 758 345 bona
774 329 827 345 tem-

234 352 316 385 poralia,
334 356 355 373 et
371 352 481 380 spiritualia
496 355 578 377 nostra3
593 352 629 373 sed
643 353 733 373 haeretici
753 353 827 380 Angli-

234 388 286 408 saepe
304 380 421 401 inuaserunt
439 387 483 405 nos,
506 380 599 408 patriam,
619 381 729 408 proximos,
751 384 771 401 et
790 381 826 401 bo—

233 416 260 429 na
274 412 352 429 nostra.
372 415 420 435 ergo
437 411 531 428 tenemur
546 408 589 429 haec
607 408 723 440 defendere,
741 412 762 428 et
780 407 826 428 illos

233 436 346 464 expellere.
362 443 433 456 omnes
447 436 503 456 enim
512 436 574 467 leges,
588 439 609 456 et
618 437 687 457 omnia
701 436 744 456 iura
758 436 826 463 praeci-

233 465 297 492 piunt,
307 464 339 484 vel
348 463 469 491 permittunt
478 463 520 484 vim
529 471 549 484 vx
553 464 662 495 repellere.
683 464 764 484 Deinde
773 464 826 491 peri-

233 492 301 513 culum
319 492 455 519 peruersiouis
472 491 595 519 proueniens
611 499 637 512 ex
657 491 826 513 communicatio-

233 527 259 541 ne
273 520 412 540 haereticorum
430 519 543 540 cauendum
559 520 643 540 omnino
660 524 697 545 est,
711 524 733 540 vt
749 520 786 544 ius,
805 523 826 540 et

232 548 302 568 lumen
316 547 407 568 naturale
420 547 488 568 dictat.
510 547 570 568 Vnde
584 555 626 568 non
641 548 706 568 solum
721 547 826 568 haereticos

234 575 320 603 Anglos,
343 579 364 596 et
388 575 458 595 Scotos
477 575 581 603 expellere
600 575 685 601 debetis,
709 575 744 596 sed
763 575 825 596 etiam

233 603 337 624 Hibernos
360 603 505 631 cuiuscumque
528 603 651 624 conditionis
674 603 772 624 haereticis
791 610 826 623 au-

234 632 333 657 xiliantes,
349 632 382 652 vel
396 631 527 659 aliquomodo
547 631 639 652 fauentes
658 639 669 652 e
683 632 752 652 medio
767 631 825 652 tolle—

233 667 254 680 re
264 660 371 685 deberetis,
385 663 488 691 tamquam
500 659 569 687 patriae
582 659 702 687 proditores,
716 663 737 680 et
750 659 826 684 hostes,

233 695 274 708 non
291 688 347 708 enim
361 687 456 715 ignoratis
470 694 543 715 paenazss
573 695 608 708 uas
626 688 647 708 in
663 688 707 708 iure
721 688 826 708 incurrunt

232 715 326 741 haeretici,
335 720 356 736 et
365 716 446 736 illorum
455 715 548 736 fautores-
583 715 637 742 egite
644 719 705 743 caput
712 717 743 736 32.
752 714 826 739 Exodi,

232 747 253 764 et
263 744 370 764 inuenietis
382 743 437 771 quod
452 743 536 764 Sanctus
551 743 665 764 Patriarcha
679 743 762 771 Moyses
776 751 826 771 prae-

232 771 286 799 cepit
292 771 384 792 occidere
389 773 421 791 23.
425 771 631 796 milliaHebraeorum,
637 772 663 791 ob
670 771 826 799 peccatumido-

233 799 322 820 Iotatriae.
334 799 407 827 Legite
417 799 508 819 similiter
516 803 576 827 caput
583 801 615 820 25.
623 799 668 820 libri
678 799 825 824 Numerorum,

232 827 265 849 vbi
280 828 306 847 ob
321 831 427 854 peccatum
444 826 505 847 etiam
521 827 651 852 infidelitatis,
671 831 692 848 et
706 827 825 847 idololatriae

231 855 326 882 praecepit
340 855 396 875 Deus
410 854 482 875 tollere
496 858 580 875 cunctos
595 855 698 887 principes
713 855 790 882 populi,
804 858 825 875 et

231 883 354 910 suspendere
363 890 398 903 eos
408 883 429 903 in
438 882 539 914 patibulis.
554 883 624 906 Quin·
619 890 661 903 11110
667 883 740 903 eodem
750 882 783 903 die
791 890 825 902 oc-

232 918 267 931 c1s1
279 914 325 931 sunt
334 912 366 930 24.
381 910 444 931 millia
453 910 560 931 hominum
572 910 713 931 Israelitarum.
734 910 777 931 Iam
792 918 825 931 su-

231 946 267 966 pra
277 938 319 959 dixi
328 938 419 959 haeresim
430 945 475 958 com
492 939 541 959 arari
553 945 600 959 cum
614 938 733 964 idololatria,
747 942 768 959 et
782 938 825 958 hae-

232 966 304 987 reticos
319 973 362 987 esse
377 966 453 986 similes
466 966 473 986 i
488 966 583 992 ololatris,
602 970 649 987 sunt
663 967 717 987 enim
732 966 825 987 infideles

233 994 286 1020 Dea,
309 998 330 1015 et
349 994 471 1015 hominibus.
501 994 574 1020 Quare,
597 998 619 1015 vt
637 994 714 1015 malum
738 995 749 1015 ᾗ
767 994 826 1015 vobis

769 1022 826 1042 tolla-
